2075 3000
224 195 616 253 utsroamavums.
637 197 674 252 11.
797 209 835 265 25

62 299 187 353 hostium
198 302 313 367 cognitis,
333 293 478 368 permutato
496 301 564 366 regis
578 301 676 362 habitu,
694 318 834 370 pannosus,

62 379 198 421 sarmenta
209 373 276 418 collo
288 385 389 434 gerens,
409 382 488 418 castras
498 369 611 419 hostiurn
621 369 779 434 ingrediturt
793 372 835 420 ibi

64 438 93 486 iu
106 437 185 486 turba
198 439 386 497 obsistentium,
401 456 414 486 a
425 435 516 498 milite,
537 453 615 502 quem
624 438 689 486 falce
699 449 757 487 astu
767 453 835 486 eon-

63 505 260 564 vuluerauerat,
272 501 431 554 interficitur.
452 500 563 568 Cognito
572 505 641 570 regis
651 520 765 620 corpore,
776 503 835 552 Da-

64 572 167 620 rienses
178 575 233 620 sine
243 575 341 638 proelio
352 569 497 620 discedunt·
517 572 604 637 Atque
615 575 648 622 ita
658 572 695 621 At
714 573 833 620 enienses

64 639 165 686 virtute
177 639 259 697 dttcis,
279 657 327 706 pro
348 639 428 687 salute
447 641 544 706 patriae
564 641 642 688 morti
652 656 679 688 se
690 638 832 697 offerentis,

64 704 304 759 belloliberantur.
376 738 381 756 .
420 746 421 756 ,

121 772 200 821 Cur.
216 770 276 820 VII.
296 774 356 824 Post
366 773 483 824 Codrum
493 789 572 822 nemo
582 770 689 822 Athenis
703 775 831 836 regnarit:

67 837 140 904 quod
151 843 291 888 memoriae
302 843 414 892 nominis
425 841 479 890 eius
489 840 619 890 tributum
630 853 677 888 est.
707 839 834 890 Admini-

67 908 158 956 stratIo
169 905 325 970 reipublicae
336 910 428 958 annuis
439 907 629 973 magistratibus
638 909 769 973 permissa.
779 903 832 954 Sed

68 975 168 1022 civitati
180 975 267 1021 nullae
279 986 340 1022 tunc
349 977 419 1041 leges
428 987 511 1024 erant:
525 975 585 1038 quia
595 974 676 1023 libido
684 990 778 1039 regum
783 989 833 1038 pro

65 1039 174 1102 legibus
184 1039 335 1089 habebatur.
365 1041 472 1107 Legitur
482 1035 568 1104 itaque
583 1041 678 1100 Solon,
698 1043 739 1090 vir
750 1041 833 1088 'iusti-

66 1109 117 1154 tiae
128 1107 252 1170 insignis,
272 1110 316 1171 qui
328 1109 398 1158 velut
408 1123 506 1172 novam„
517 1108 648 1156 civitatem
659 1107 760 1173 legibus
771 1123 832 1155 con·

66 1171 149 1222 deret.
186 1175 239 1236 Qui
255 1184 322 1222 tanto
339 1184 542 1241 temperamento
557 1174 626 1221 inter
635 1174 739 1240 plebem
753 1191 832 1223 sena·

66 1253 178 1304 tumque
189 1241 250 1304 egit,
271 1240 351 1303 (cum,
362 1245 389 1295 si
397 1241 458 1306 quid
469 1257 515 1306 pro
524 1241 607 1296 altero
618 1240 710 1290 ordine
720 1242 831 1298 tulisset,

67 1307 144 1356 alteri
162 1305 353 1373 displiciturum
365 1308 507 1374 videretur)
528 1318 558 1356 ut
572 1309 604 1356 ab
614 1307 729 1371 utrisque
739 1322 831 1371 parem

68 1377 176 1438 gratiam
187 1373 308 1422 traheret.
328 1377 412 1424 Huius
425 1377 473 1424 viri
485 1377 552 1422 iuter
570 1375 653 1422 multa
663 1375 774 1438 egregia,
794 1373 831 1421 il-

67 1439 116 1489 lud
126 1441 295 1490 memorabile
306 1443 361 1491 luit.
392 1441 462 1490 Inter
473 1439 645 1488 Athenienses
660 1451 685 1487 et
695 1437 831 1504 Megareu-

69 1524 107 1557 ses
118 1508 150 1557 de
160 1510 314 1575 proprietate
326 1508 472 1559 Salaminiae
488 1508 587 1555 insulae
602 1523 682 1573 prope
697 1522 778 1571 usquc
788 1508 832 1555 in-

69 1578 176 1624 teritum
185 1578 262 1624 armis
273 1576 426 1625 dimicatum
440 1576 531 1623 linerat.
558 1570 622 1626 vPost
634 1573 723 1623 clatles
738 1575 833 1623 multat

49 1646 54 1655 '
70 1644 179 1709 capitale
191 1658 244 1691 esse
263 1642 333 1709 apud
352 1642 524 1701 Athenienses
535 1643 626 1707 coepit,
648 1642 668 1689 si
679 1642 833 1707 quislcgem
880 1698 882 1702 .

71 1707 104 1758 de
116 1708 271 1769 vindicanda
291 1711 377 1760 insula
397 1710 505 1759 tulisset.
541 1708 673 1757 Sollicitus
688 1710 766 1773 igitur
778 1709 831 1757 So-

70 1777 126 1839 lon,
141 1794 173 1825 ne
185 1790 229 1827 aut
239 1776 346 1826 tacendo
356 1794 449 1843 parum
458 1774 612 1843 reipublicae
622 1777 776 1836 consuleret,
787 1786 833 1824 aut

16 1852 18 1857 '
72 1842 200 1893 censendo
220 1844 282 1905 sibi;
308 1846 420 1893 subitam
440 1842 599 1892 dementiam
618 1843 735 1900 simulat,
760 1845 832 1890 cuius

71 1914 146 1961 venia
166 1928 219 1960 non
235 1909 349 1960 dicturus
370 1911 448 1960 modo
462 1910 604 1978 prohibita,
624 1907 671 1959 aed
682 1922 706 1959 et
720 1907 833 1959 facturus

72 1988 134 2029 erat.
154 1978 180 2026 D
197 1979 285 2027 formis
296 1978 394 2035 habitu,
414 1994 485 2030 more
496 1971 686 2027 vecordium'in
697 1975 833 2042 pubhcum

67 1997 199 2108 evolat3l
724 2043 728 2048 '

28 2121 32 2126 ’
69 2114 159 2163 silium
181 2110 366 2174 dissimularet,
386 2114 496 2162 insolitis
516 2112 566 2161 sihi
585 2109 704 2160 versibus
723 2109 831 2159 suadere

88 2180 166 2246 opulo
177 2180 269 2245 coepit,
291 2179 361 2245 quod
372 2180 517 2231 vetabatur:
534 2178 712 2240 ‘omniumque
731 2178 832 2224 animos

16 2302 18 2309 s
69 2247 185 2313 rtaeep'u,
204 2240 241 2295 ut*
255 2249 386 2313 extempld
405 2248 504 2297 bellum
524 2244 645 2293 adversus
665 2242 834 2305 Megarenses

71 2314 264 2375 decerneretur,
289 2316 437 2380 insulaque,
463 2312 570 2361 devictis
593 2306 722 2367 hostibus,
746 2306 831 2357 Athe-

72 2382 198 2431 niensium
208 2384 289 2432 fieret.
518 2398 523 2407 ·

137 2448 212 2499 Cur.
233 2448 309 2501 Vlll.
333 2448 432 2499 Interea
442 2450 616 2513 Megarenses,
636 2463 765 2498 memores
776 2446 834 2497 illa.

74 2515 92 2564 ti
101 2515 301 2565 Atheniensibus
311 2517 383 2580 belli,
404 2528 429 2565 et
440 2518 522 2575 veriti,
541 2531 574 2563 ne
584 2515 677 2564 fmstra
687 2532 757 2565 arma
771 2532 833 2565 mo·

37 2629 40 2638 ι
73 2584 299 2647 νίωεγίἆεηιιῑιιτ,
319 2595 447 2635 matronas
463 2581 666 2633 Atheniensium
686 2584 715 2630 in
726 2581 833 2630 Eleusi·
867 2595 869 2598 ·

72 2650 119 2701 niis
129 2650 205 2701 sacris
216 2663 295 2702 noctu
305 2652 461 2721 oppressuri,
480 2666 559 2717 nares
570 2646 755 2703 communit.
774 2647 833 2712 Qua
847 2650 856 2661 ⁸
901 2717 909 2723 ἱ

177 2737 186 2749 ,
248 2724 258 2742 1

196 2057 303 2109 actoque
314 2057 440 2095 concursu
450 2046 596 2106 hominurn,
617 2060 668 2109 quo
677 2045 760 2108 magis
770 2059 833 2091 eon·
900 2050 905 2081 -’
