2075 3000
127 299 130 306 ,
213 263 249 318 33
336 204 821 312 ‚'.1vsr1ns'j

212 368 320 409 aetatem
340 354 466 408 adultam
474 357 644 422 pervenisset,
669 346 781 420 re'gnnm
800 366 902 421 summa
922 341 978 396 fide

211 425 333 475 restituit:
353 436 382 473 ut
401 424 577 487 intelligerent
596 437 695 483 omues,
716 431 813 485 quanto
831 419 891 485 plus
904 408 976 494 apud

211 489 293 541 bonos
302 492 402 557 pietatis
411 491 476 552 iura,
491 505 571 555 quarn
581 505 672 536 omnes
683 503 753 554 opes,
764 488 886 538 valerent.
914 480 977 533 Me·

181 547 184 560 ⁵
212 557 257 608 dio
267 559 344 624 igitur
356 568 480 622 tempore,
503 557 568 606 dum
578 554 662 603 infans
673 553 834 614 convalescit,
853 552 978 601 tutelam.

212 642 263 692 que
274 627 327 674 eius
337 623 511 680 administrat,
532 639 585 671 non
595 620 747 670 habentibus
763 617 894 688 Spartanis
903 618 978 686 leges

212 693 331 754 instituit,
350 708 403 740 non
418 690 567 739 inventione
578 703 667 736 earum
676 688 773 752 magis,
794 699 979 750 quamcxem.

211 759 265 824 plo,
285 749 390 808 c'larior:
408 755 539 820 siquidem
551 753 616 803 nihil
626 755 683 818 lege
694 755 749 803 ulls
759 756 786 802 in
798 753 861 801 alios
880 756 977 815 sanxit,

213 823 285 874 cuius
296 842 348 873 non
364 827 418 888 ipse
433 825 533 888 primus
543 822 571 870 in
589 837 616 870 se
631 821 787 871 documenta
802 817 884 868 daret.
920 817 978 871 Po-

211 893 308 956 pulum
317 893 343 939 iu
355 889 475 953 obsequia
484 887 567 955 princi
586 904 647 948 um,
666 888 795 954 principes
805 885 839 934 ad
849 885 977 938 iustitiam

211 958 391 1023 imperiorum,
411 955 553 1006 formavit.⁴
568 905 766 1003 Pl'arcinaoniam
777 950 898 1002 omnibus
908 966 977 1004 sm.

213 1024 255 1082 sit,
276 1024 431 1081 existimans,
451 1023 566 1072 laborem
584 1018 690 1068 militiae
699 1021 799 1070 assidua
818 1019 976 1082 frugalitatis

213 1089 400 1140 consuetudine
414 1087 554 1138 faciliorem
570 1086 632 1136 fore.
646 1094 649 1100 '
663 1087 725 1135 Emi
738 1085 906 1149 singula—non
921 1106 975 1154 pe.

213 1157 303 1216 cunia,
328 1154 373 1204 sed
398 1155 607 1222 compensatione
631 1152 771 1214 mercium,
792 1153 874 1201 iussit.
906 1152 978 1223 Auri

212 1223 363 1288 argentique
372 1237 458 1287 usum,
478 1221 549 1272 velut
557 1220 676 1270 omnium
684 1220 811 1270 scelerum
828 1223 976 1284 materiem,

114 1307 128 1320 ·
212 1290 326 1339 sustulit.

281 1355 355 1406 Gtr.
365 1353 414 1407 ΙΙΙ.
435 1353 696 1408 Administrationem
705 1355 863 1422 reipublicae
871 1373 919 1424 per
929 1375 984 1406 or·

213 1418 286 1477 dines
306 1421 407 1474 divisit:
426 1423 532 1489 regibus
550 1424 701 1491 potestatem
720 1423 862 1484 bellorum3
887 1427 980 1490 magi-

213 1489 334 1541 stratibus
354 1489 449 1541 iudicis
467 1508 513 1557 per
538 1507 636 1541 annuas
660 1491 846 1552 successiones;
871 1493 977 1542 senatui

213 1554 356 1606 custodiam
367 1558 468 1622 legum,
489 1561 588 1623 populo
607 1556 762 1622 sublegendi
780 1568 913 1619 senatum,
933 1560 976 1607 vel

181 1632 185 1647 ¹
212 1620 326 1683 creandi,
347 1639 412 1687 quos
423 1624 499 1673 vellet
510 1626 685 1687 magistratus,
704 1626 976 1692 potestatem'permi·

212 1687 252 1739 sit.
281 1687 388 1737 Fundos
402 1690 521 1737 omnium
541 1690 683 1754 aequaliter
701 1692 865 1739 interomnes
875 1688 975 1754 divisit,

212 1766 358 1823 utaequats
372 1756 528 1821 patrimonia
547 1757 680 1805 nemiuem
700 1758 872 1821 potentiorem
891 1760 975 1808 altero

207 1819 359 1876 redderent.
394 1820 532 1872 Convivari
542 1840 632 1872 omnes
643 1824 745 1889 publice
754 1824 835 1883 iussit,
855 1840 889 1872 ne
898 1827 975 1875 cuius

213 1886 318 1945 divitiae
328 1887 372 1937 vel
382 1886 482 1949 luxuria
493 1890 521 1938 in
532 1892 634 1940 occulto
645 1901 737 1939 essent.
765 1888 908 1941 Iuvenibus
920 1909 975 1942 nou

211 1954 324 2019 amplius
335 1972 385 2003 una
399 1956 518 2005 vertenti
537 1966 591 2005 toto
602 1973 670 2005 auno
681 1958 809 2022 permisit,
829 1972 878 2006 nec
887 1976 976 2023 quen-

212 2021 411 2085 quamcultius,
431 2040 509 2087 quam
529 2024 647 2083 alterum,
666 2022 795 2090 progredi,
815 2040 864 2073 nec
874 2026 976 2091 epulari

213 2087 370 2153 opulentius,
381 2107 412 2137 ne
423 2090 531 2139 imitatio
539 2092 567 2139 in
576 2092 707 2140 luxuriam
717 2102 870 2141 verteretur.
900 2092 976 2143 Pue-

212 2170 253 2203 ros
264 2152 373 2219 puberes
383 2173 435 2205 non
446 2158 472 2205 iu
483 2157 578 2217 forum,
598 2155 681 2206 sedin
693 2174 785 2223 agrum
795 2156 888 2207 deduci
898 2174 976 2225 pras-

212 2223 292 2287 oepit,
313 2233 342 2271 ut
352 2222 446 2287 primos
464 2241 545 2273 annos
562 2241 615 2273 non
633 2226 660 2273 in
668 2225 781 2285 luxuria,
799 2225 884 2275 sedin
895 2224 976 2291 opere

156 2287 158 2295 ’
212 2298 239 2337 et
256 2286 394 2350 laboribus,
415 2300 530 2354 agerent·
561 2290 635 2340 Nihil
655 2308 698 2340 eos
717 2292 803 2340 somni
821 2308 896 2341 causa
909 2292 975 2342 sub-

211 2366 334 2413 sternere,
356 2367 380 2403 et
390 2357 470 2406 vitam
480 2358 535 2405 sine
545 2359 680 2422 pulmento
690 2357 792 2423 degere,
803 2376 887 2423 neque
897 2361 975 2426 prins

211 2422 238 2469 iu
250 2420 341 2469 urbem
350 2419 440 2479 redire,
460 2439 539 2487 quam
549 2426 599 2473 viri
611 2422 669 2474 facti
679 2436 770 2486 essent,
780 2428 874 2475 statuit.
903 2426 976 2486 Vir*-

146 2512 149 2521 ι
210 2487 282 2551 gines
292 2487 347 2535 siue
357 2486 416 2537 dote
437 2490 534 2539 nubere
554 2491 637 2551 iussit,
658 2503 687 2539 ut
701 2508 794 2541 uxores
802 2492 975 2557 eligerentur,

209 2570 262 2602 nou
272 2556 408 2619 pecuniae5
428 2558 591 2622 severiusque
602 2558 766 2607 matrimonia
775 2558 820 2607 sua
831 2561 881 2607 viri
891 2562 974 2609 co'e'r·

209 2631 303 2675 serent,
324 2636 384 2669 cum
403 2621 480 2671 nullis
491 2622 559 2671 dotis
580 2622 674 2672 fraenis
694 2635 852 2675 tenerentur.
885 2626 975 2678 Maxi-

209 2686 421 2745 mumbonorem
439 2704 492 2739 nou
511 2686 672 2743 divitumfet
690 2694 846 2758 potentium,
865 2689 912 2742 sed
922 2710 975 2761 pro
