2075 3000
250 152 351 218 m-
428 184 432 190 ·
530 151 727 237 rvsr-rrr

230 257 359 320 ,ensium
377 268 574 321 ceterarumque
583 254 686 305 Africae
696 236 848 319 iivttattum,
868 256 1000 310 sedetlsi·
1021 244 1022 307 i

246 326 404 393 spaniarum,
425 322 540 385 Siciliae,
561 323 676 386 Galliae,
689 321 851 387 -Sardiniae,
872 330 999 376 nonnullo
1021 336 1022 391 l

245 407 349 457 qnoque
359 389 484 453 exItalia,
504 393 559 441 eiua
578 390 722 441 adventum
737 390 902 458 Babyloniae
913 396 1000 459 opperi-
1021 396 1022 453 i

107 466 110 473 '
179 489 190 497 ›
245 458 274 508 ri.
309 456 384 507 Adeo
403 461 555 508 universum
574 469 702 509 terrarum
720 458 811 507 orbem
830 462 1000 519 nominiseius
1021 466 1022 517 i

245 538 327 575 terror
338 526 478 585 invaserat,
498 538 527 575 ut
537 536 643 578 cunctae
662 537 758 592 gentes,
778 526 862 577 veluti
885 526 1000 582 destinato
1021 530 1022 585 l

235 592 295 641 ‘sibi
313 593 369 657 regi
387 591 565 644 adularentur.
595 595 650 645 Hac
667 594 747 657 igitur
767 609 799 643 ex
809 592 1001 661 causaliabylo-
1021 586 1022 619 i

245 662 315 716 niam
335 659 480 720 festinanti,
500 661 584 711 veluti
604 672 765 711 conventum
783 673 920 713 terrarum
944 663 1001 711 orbis
1021 652 1022 673 ¹

192 723 195 733 '
244 738 341 788 acturo,
361 727 466 793 quidam
476 744 507 777 ex
517 731 600 793 magis
611 728 745 795 praedixit,
764 746 797 777 ne
808 723 906 777 urbem
918 728 1001 777 introi-
1021 726 1022 745 ³

243 806 290 854 ret,
310 804 425 854 testatus,
445 792 520 844 bunc·
537 797 625 845 locum
645 797 668 845 ei
687 794 791 845 fatalem
801 795 867 843 fore.
896 790 945 845 Ob
965 794 1022 853 boc,

244 862 339 909 omissa
358 860 508 928 babylonia,
530 860 558 912 in
578 864 728 925 Borsippam
749 860 841 909 urbem
864 872 940 910 trans
954 860 1022 911 Etr-3

242 926 371 993 phratem,
394 928 522 990 desertam
538 933 610 985 olim,
630 927 761 975 concessit.
790 924 830 975 Ibi
840 928 876 977 ab
887 929 1002 978 Anaxar·

243 994 292 1043 dio
329 993 466 1061 bilosopbc
485 996 635 1061 compulsus
648 1005 699 1043 rest
723 1009 842 1054 rursum,
869 1004 1003 1059 magorum

207 1094 210 1099 -
243 1012 370 1125 praedicta
389 1074 561 1123 contemnere,
581 1055 681 1123 utialsa
701 1070 727 1108 et
743 1062 851 1121 incerta,
875 1065 937 1111 etsi
956 1064 1004 1111 latis

244 1138 368 1188 constent,
385 1130 473 1193 ignota
483 1128 650 1181 mortalibus:
670 1138 697 1177 at
705 1127 727 1177 si
738 1138 842 1177 naturae
856 1124 1004 1187 debeantur,

245 1194 424 1245 immutabilia.
436 1197 562 1245 Reversus
570 1196 653 1261 igitur
662 1192 842 1261 Babyloniam,
855 1196 1004 1246 multisdie·

97 1250 116 1264 *
178 1287 180 1291 ·
237 1264 291 1313 bus
301 1264 354 1311 otio
360 1260 435 1323 datis,
451 1264 627 1316 intermissum
639 1262 701 1309 olim
717 1260 871 1310 convivium
884 1263 1005 1312 solemni·

241 1340 281 1377 ter
293 1330 420 1379 instituit:
440 1341 561 1395 totusque
571 1330 599 1379 in
610 1330 734 1379 laetitiam
754 1328 861 1386 effusus,
887 1344 952 1378 curn
961 1328 1005 1379 diei

171 1402 179 1411 '
241 1408 344 1445 noctem
354 1396 512 1461 pervigilem
520 1396 654 1457 iunxisset,
674 1393 838 1445 recedentem
849 1392 906 1445 i'am
917 1412 933 1444 e
944 1414 1004 1444 con-

241 1465 310 1514 vivio
320 1462 422 1523 Medius
432 1464 583 1526 Thessalus,
604 1464 742 1514 instaurata
759 1464 966 1525 comessatione,
984 1473 1005 1512 et

241 1531 472 1608 ips'umetsodales
492 1534 547 1580 elus
566 1533 666 1582 invitat.
695 1530 808 1596 Accepto
823 1531 937 1596 poculo,
956 1548 1006 1580 me·

241 1598 284 1648 nia
293 1599 396 1662 potione
416 1600 524 1665 repente
542 1599 624 1648 veluti
644 1599 695 1646 telo
715 1600 839 1656 confixus,
862 1599 1006 1662 ingemuit:

235 1666 376 1730 elatusque
397 1682 410 1714 e
432 1667 552 1719 convivio
572 1664 739 1726 semianimie,
759 1661 1005 1715 tantodolorectu-

242 1734 321 1781 clatus
330 1743 376 1791 cst,
396 1744 425 1782 ut
434 1733 536 1785 ferrum
546 1735 572 1782 iu
583 1730 699 1782 remedia
710 1743 832 1797 posceret,
854 1742 1005 1798 tactumque

241 1797 380 1848 bominum
390 1800 578 1849 velut-vulnere
594 1798 784 1849 indolesceret„
800 1796 891 1848 Amici
908 1816 1005 1849 causam

241 1865 326 1916 morbi
345 1867 527 1931 intemperiem
547 1867 676 1916 ebrietatis
702 1864 959 1917 disseminaverunt:
983 1882 1005 1913 re

229 1947 328 1983 ‘autem
338 1950 398 1984 rere
415 1932 522 1982 insidiae
541 1933 655 1996 suerunt,
676 1949 791 1998 quarum
797 1931 944 2000 infamiam
953 1949 1006 1982 snc-

241 2015 372 2051 cereorum
381 2013 459 2067 poten
464 2002 496 2048 tia
507 2001 644 2065 oppressit.

309 2063 387 2117 Gar.
398 2067 471 2116 XIV.
491 2064 589 2115 Auctor
608 2064 762 2116 insidiarum
780 2062 926 2130 Antipater
952 2067 1009 2127 luit,

211 2157 212 2161 ¹
241 2135 288 2202 qui
301 2149 363 2184 cum
382 2135 525 2183 carissimos
544 2131 639 2188 amicos
655 2132 710 2180 eius
731 2131 877 2180 interfectos
894 2131 1010 2183 videret:

241 2200 423 2254 Alexandrum
442 2201 601 2266 Lyncistam,
622 2209 856 2264 germanicum,
876 2201 1011 2248 occisum:

242 2285 269 2318 se
280 2272 381 2334 magnis
400 2267 476 2316 rebus
498 2268 526 2316 in
547 2267 655 2318 Graecia
666 2267 753 2330 gestie,
772 2283 826 2314 non
838 2276 894 2314 tarn
905 2279 1012 2330 gratum

242 2337 312 2400 apud
321 2351 419 2400 regem,
440 2352 519 2400 qoam
529 2333 687 2385 invidiosum
697 2349 766 2391 esse3
785 2343 894 2381 amatre
908 2346 1011 2398 quoque

243 2404 298 2450 eiua
314 2401 473 2468 Olympiade
491 2402 567 2450 variis
586 2417 613 2450 se
632 2398 857 2450 criminationibus
874 2412 1009 2448 vexatum.

242 2462 300 2516 Huc
308 2467 465 2534 accedebant
484 2480 542 2518 aute
565 2483 660 2532 paucos
671 2465 726 2516 dies
745 2467 870 2531 supplicia
880 2466 913 2514 in
937 2482 1006 2534 prae-

241 2533 318 2581 fectos
340 2533 498 2582 devictarum
517 2537 653 2583 nationum
672 2533 810 2582 crudeliter
829 2531 938 2584 hahita.
979 2531 1008 2580 Er

225 2598 370 2677 ¹-quibus'se
377 2616 481 2664 quoque
492 2617 506 2647 ι
515 2598 668 2650 Macedonia
678 2615 731 2648 non
742 2597 776 2648 ad
785 2601 944 2650 societatem
960 2599 1008 2647 mi-

241 2663 320 2729 litiae,
338 2664 385 2714 sed
395 2665 428 2714 ad
436 2681 554 2735 poenam,
567 2672 701 2725 evocatum
712 2665 894 2716 arbitrabatur.
928 2665 1008 2734 Igitur
