2075 3000
150 206 468 289 ‚arsroararvu
490 209 566 263 mr.
587 208 660 266 xlv.
740 222 793 277 1³1

29 310 200 383 lypercironti,
221 310 378 381 Cassandro
397 313 540 365 exercitum
551 312 658 379 tradat,
678 314 708 365 in
719 332 795 383 quem

30 382 113 451 regni
123 380 385 441 administrationem
395 398 445 431 ree
455 378 632 433 transtulerit
635 402 649 443 ‚-
668 382 758 435 eadem
769 396 795 435 et

30 451 58 499 in
66 448 157 501 Asiam
166 444 303 513 Antigono
312 465 361 516 per
375 449 494 515 epistolas
503 452 615 499 nuntiat.
645 451 706 516 Quo
716 448 793 499 bene·

30 518 87 565 licio
97 514 231 568 devinctus
251 514 400 577 Cassander,
419 515 487 565 nihil
505 534 560 565 non
571 534 601 565 ex
616 516 720 567 arbitrio
731 535 795 567 rnu-

30 584 117 633 liebris
127 581 247 633 audaciae
257 585 332 648 gerit.
356 581 457 633 Deinde
467 582 596 650 proiectus
607 584 635 633 in
647 584 793 647 Graeciam,

30 652 119 701 multis
140 650 284 700 civitatibus
303 649 403 710 bellum
428 650 517 700 infert:
548 666 658 717 quarum
683 649 793 715 excidio,

29 718 109 766 veluti
118 718 206 767 vicino
214 715 350 780 incendio,
370 718 450 767 territi
463 716 583 785 Spartani
594 718 695 778 urbem,
715 735 794 784 quam

29 786 131 850 semper
141 784 227 844 armis,
248 801 302 834 non
320 785 412 845 muris,
433 782 609 846 defenderant,
630 796 686 835 tum
706 798 795 836 contra

27 851 428 915 responsaiatornmetveterem
438 853 567 901 maiorum
578 852 697 916 gloriam,
715 854 795 903 armis
825 912 828 919 Δ
862 888 865 893 -

27 914 119 980 diffisi,
141 934 277 971 murorum
298 917 426 985 praesidio
445 916 595 979 includunt.¹
622 919 794 970 'I'antumeos

29 981 225 1050 degeneravisse
244 1004 257 1035 a
276 984 431 1046 maioribus,
451 997 489 1048 ut,
510 1002 572 1035 cum
591 987 680 1036 multis
696 988 795 1045 'seculis

883 814 893 839 Ν

27 1067 118 1101 murus
131 1050 190 1101 urbi
209 1053 306 1115 civium
316 1054 400 1118 virtus
417 1054 500 1114 luerit,
519 1064 582 1102 tunc
595 1055 662 1103 cives
673 1056 755 1107 salvos
767 1070 793 1104 se
876 1060 884 1069 “

28 1118 81 1167 iore
101 1135 159 1167 non
179 1120 389 1179 existimaverint,
410 1120 462 1168 nisi
481 1122 548 1169 intra
569 1136 658 1170 mirros
677 1120 812 1174 laterent..

27 1186 98 1235 Dum
110 1186 175 1235 laaec
193 1199 314 1250 aguntur,
338 1185 511 1237 Cassandrum
521 1188 549 1237 in
560 1186 667 1239 Graecia
677 1188 792 1238 turbatus

27 1244 193 1303 Macedoniae
203 1265 282 1303 status
293 1252 403 1305 domum
412 1256 549 1305 revocarit·
571 1254 690 1319 Namque
701 1254 793 1320 Olym-

45 1322 89 1382 ias,
109 1333 194 1369 mater
215 1317 355 1369 Alexandri
375 1320 466 1385 Magni
484 1321 563 1385 regis,
583 1336 644 1371 curn
662 1320 745 1386 Epiro
765 1323 792 1371 in

55 1385 224 1450 acedoniam,
246 1398 418 1453 prosequente
437 1385 558 1447 Aeacide,
578 1403 640 1451 rege
660 1388 791 1437 Molosso-

19 1462 98 1516 rum,
121 1455 229 1518 veniret,
251 1454 435 1522 prohiberique
455 1453 552 1503 finibus
573 1452 605 1506 ab
618 1453 747 1522 Eurydice
767 1466 793 1506 et

29 1520 146 1573 Aridaeo
154 1539 214 1588 rege
224 1524 362 1589 coepisset:
379 1538 426 1572 seu
431 1521 562 1572 anemoria
572 1523 667 1583 mariti,
681 1539 727 1572 seu
737 1524 792 1574 ma·

20 1587 167 1654 gnitudine
187 1591 241 1648 lilii,
261 1601 287 1640 et
301 1588 456 1655 indignitate
477 1590 525 1648 rei,
544 1590 609 1640 moti
629 1588 791 1650 Macedones,

20 1656 59 1706 'ad
70 1654 258 1723 Olympiadem
272 1659 410 1706 transiere:
431 1658 506 1706 cuius
515 1658 586 1706 iussu
605 1669 631 1706 et
650 1657 791 1724 Eurydice,
834 1695 848 1710 e

19 1736 51 1789 ,et
71 1740 120 1774 rex
138 1721 273 1787 occiditur,
292 1740 337 1774 sex
356 1726 429 1773 annis
447 1735 505 1792 post
523 1721 703 1776 Alexandrum
717 1729 791 1794 poti-

20 1799 65 1877 ιω
84 1807 229 1908 affin
249 1855 302 1908 Sed
312 1872 361 1906 nec
372 1856 508 1925 Olympias
518 1857 565 1909 diu
574 1861 698 1924 regnavit.
723 1856 791 1910 Nam

21 1934 88 1975 'cum
98 1924 246 1992 principum
256 1927 352 1991 passim
362 1923 461 1986 caedes,
472 1925 594 1974 muliebri
604 1928 695 1990 magis,
711 1942 790 1991 quam

21 1996 98 2056 'regIo
107 2001 183 2042 mor'e
193 1992 300 2053 fecisset,
320 1992 433 2043 favorem
444 1994 485 2042 sui
497 1995 524 2041 in
535 1991 626 2041 odium
632 1995 717 2041 vertit·
738 1994 790 2042 Ita·
809 2053 818 2060 -

20 2052 330 2123 ‘queauditossassaudri
349 2057 471 2121 adventu,
492 2057 574 2108 diffisa
594 2055 789 2120 Macedonibus,

21 2141 88 2193 ¹curn
110 2128 309 2188 nurugRoxane,
330 2137 356 2174 et
373 2138 464 2191 nepote
483 2125 603 2183 Hercule,
624 2125 652 2172 in
672 2122 789 2190 Pydnam

21 2193 121 2255 surbern
140 2192 269 2245 concedit.
296 2193 470 2242 Proficiscenti
487 2191 637 2252 Deidamia,
661 2191 788 2242 Aeacidae

20 2261 93 2325 *regis
104 2261 164 2321 lilia,
178 2273 202 2310 et
214 2259 393 2310 Thessalonice
404 2260 531 2325 privigna,
552 2271 576 2308 et
586 2260 639 2324 ipsa
650 2259 718 2308 clara
727 2256 791 2308 Pni-

22 2327 179 2392 lippipatris
189 2329 310 2390 nomine,
330 2329 478 2391 multaeque
488 2327 552 2375 aliae
563 2325 712 2397 principum
730 2339 786 2376 ma·-
859 2343 878 2364 r

28 2406 123 2457 nonae,
142 2397 276 2460 speciosus
296 2395 379 2460 magis
397 2410 476 2460 quam
495 2393 566 2442 utilis
583 2409 660 2458 grex,
681 2395 786 2444 comites

22 2458 106 2514 inere·
122 2459 210 2511 'Haec
221 2477 281 2510 cnm
291 2462 408 2510 nuntiata
428 2457 571 2511 Cassandro
586 2472 678 2523 essent,
698 2462 782 2513 statim

21 2530 101 2577 <litato
111 2544 189 2578 cursu
198 2527 317 2607 Bydnam
339 2530 418 2589 venit,
438 2539 464 2579 et
477 2527 569 2578 urbem
580 2528 714 2579 obsidione
724 2528 783 2578 'cin-

30 2594 70 2658 git.
106 2593 175 2645 Cum
185 2596 254 2645 fame
265 2597 384 2660 ferroque
405 2608 540 2661 urgeretur
551 2593 700 2664 Olympias,
719 2596 782 2644 lon-

23 2660 69 2722 gae
81 2662 223 2712 obsidionis
234 2664 325 2725 taedio,
343 2674 416 2728 pacta
422 2665 512 2723 salute,
533 2665 620 2713 victori
632 2679 659 2712 se
668 2659 782 2716 tradidit.

25 2727 78 2778 'ted
90 2727 233 2780 Cassander
252 2729 287 2780 ad
306 2731 456 2781 concionem
469 2741 559 2783 rosato
568 2731 679 2798 populo,
698 2730 783 2786 scissi·v

532 2797 578 2850 Ia
