2075 3000
187 209 488 298 msrorraavn
512 194 588 272 nm.
608 223 630 274 r.
780 235 800 288 a

304 313 458 378 ,Cam
480 315 501 368 1.

41 383 184 485 Principio
203 433 299 481 rernm,
319 420 438 486 gentium
458 422 647 488 nationumque
657 423 796 494 imperium

37 503 117 554 penes
127 503 201 551 reges
210 497 276 537 erat:
296 502 360 552 quot
379 485 411 537 ad
422 487 554 552 fastigium
573 487 650 540 huius
660 497 799 546 maiestatis

37 572 92 604 non
102 551 213 602 ambitio
249 571 264 603 o
284 551 370 615 ulerir,
389 551 436 604 sed
446 557 636 622 spectaudnter
646 557 728 609 bonos
738 578 799 612 mo·

38 621 139 671 ‹leraeio
149 571 315 690 prorededat.
348 621 463 687 Popnlne
481 623 561 671 nullia
575 623 678 688 legibus
691 625 799 678 teneba-

38 699 94 736 tur:
116 685 220 736 arbitria
230 687 378 754 principum
387 705 434 754 pro
444 688 546 754 legibus
559 703 638 741 erant.
662 691 739 744 Fines
749 696 799 744 im-

38 755 105 820 perii
110 755 178 804 tueri
187 756 278 818 magia,
289 771 368 819 quarn
378 755 499 819 proferre,
509 771 565 804 mos
575 768 640 806 erat:
651 758 716 808 intra
725 776 798 810 snam

39 825 134 938 llll:
145 819 529 953 {2³:⁵³lt.3tll‡ul¹¹³t¹llll
560 821 595 937 {l
596 824 798 942 ⁵ml21⁰¹lllll

38 922 162 1018 gentib'ne
181 969 294 1013 morem,
314 922 504 1018 nova'imperii
522 906 662 1020 o’upididate
678 963 796 1009 mutarit.

37 1023 88 1072 Hic
98 1021 199 1086 primns
210 1020 297 1068 intulit
305 1017 375 1070 bella
385 1020 510 1079 finitimis,
531 1033 557 1070 et
574 1020 652 1072 rudes
672 1023 755 1074 adhuc
764 1024 797 1074 ad

36 1085 212 1138 resistendum
221 1086 339 1152 populos,
352 1087 477 1136 terminos
487 1103 568 1152 usque
578 1086 685 1168 Libyae,
697 1090 797 1156 perdo-

36 1154 114 1203 mnit.
143 1153 228 1202 Fuere
239 1154 345 1218 quidem
365 1151 524 1220 temporibus
538 1156 704 1219 antiquioree,
722 1153 799 1208 Seso-

36 1223 96 1270 stris
107 1216 233 1285 Aegypti,
251 1230 277 1270 et
287 1217 405 1286 Scythiae
423 1236 468 1268 rex
479 1221 595 1285 Tanaum
613 1238 725 1288 quornm
735 1225 798 1274 alter
901 1218 906 1226 ’

36 1288 65 1336 in
74 1284 201 1347 Pontum,
220 1287 284 1334 alter
293 1302 374 1352 usqne
384 1283 536 1353 Aegyptum
546 1291 661 1338 excessit.
674 1289 727 1338 Sed
736 1293 794 1341 lon-

38 1351 147 1419 ginqua,
167 1369 219 1400 non
230 1351 345 1412 finitima,
365 1351 432 1402 bella
442 1353 580 1418 gerebant:
595 1371 643 1403 nec
654 1356 794 1420 imperinm

37 1419 96 1480 sibi,
115 1417 162 1466 sed
170 1418 274 1484 populis
284 1419 335 1468 suis
345 1420 468 1486 gloriam,
490 1417 658 1484 quaerebant3
674 1420 798 1470 contenti·

38 1503 89 1551 que
100 1486 213 1547 victoria,
225 1486 261 1534 im
282 1485 334 1535 erio
345 1484 516 1536 abstinebant.
538 1483 622 1535 Ninus
631 1487 797 1553 magnitudi-

38 1568 101 1601 nem
114 1552 241 1616 quaesitae
269 1553 430 1601 ominationie
445 1552 568 1601 continua
577 1554 734 1618 poseeuione
749 1556 798 1604 fir·

36 1619 129 1669 mavit.
159 1616 273 1667 Domitis
283 1619 364 1680 igitur
373 1618 507 1683 proximis,
528 1632 587 1667 cum
598 1622 737 1670 accessione
754 1626 798 1673 ri·

37 1684 213 1733 rinmiortior
232 1681 266 1732 ad
276 1684 339 1732 elios
349 1684 481 1742 transiret,
502 1694 528 1732 et
544 1687 662 1748 proxime
681 1704 799 1752 quaeque

36 1752 144 1811 victoria
154 1751 356 1799 instrumentum
371 1751 498 1813 sequentia
509 1762 590 1809 erret,
610 1754 686 1801 totins
699 1749 797 1803 Orien·

37 1812 73 1867 eii
80 1816 192 1883 populos
201 1814 312 1880 subegit.
331 1814 495 1867 Postremum
506 1816 545 1865 illi
559 1816 660 1867 bellum
674 1834 735 1869 cum
745 1820 799 1870 Zo-

34 1894 141 1943 roastre,
159 1898 220 1947 rege
238 1878 439 1942 Bactrianorum,
457 1882 513 1941 luit,
534 1884 579 1947 qui
594 1886 694 1949 primus
704 1884 799 1935 dicitnr

35 1963 104 2001 artes
123 1950 236 2015 magicas
256 1948 397 2004 invenisse,
415 1958 440 1996 et
457 1946 552 1997 mundi
570 1950 710 2015 principia,
730 1953 798 2003 eide·

33 2026 245 2079 rnmqnemotns
264 2010 458 2077 diligentissime
476 2025 608 2081 spectasse.
643 2016 798 2080 Hoooeciao,

32 2087 92 2149 ipse
102 2080 221 2139 decessit,
243 2078 330 2131 relicto
339 2078 473 2146 impubere
487 2079 574 2131 adhuc
589 2082 643 2133 filio
653 2082 752 2149 Ninya,
773 2098 799 2135 et
863 2122 865 2127 -

31 2163 115 2199 uxore
133 2145 315 2197 Semiramide.
661 2205 664 2211 Ι

6 2260 7 2267 ,
104 2212 182 2265 Car.
193 2214 230 2263 Π.
247 2200 316 2262 ffiec
325 2228 376 2263 neo
382 2214 521 2263 immaturo
530 2230 591 2265 ansa
599 2211 699 2265 tradere
709 2215 796 2282 impe-

6 2276 115 2343 ¹riam,
135 2282 247 2345 neeipea
265 2280 352 2345 palam
360 2290 475 2341 tractare,
495 2291 534 2331 tot
543 2296 573 2331 eo
582 2282 659 2331 tantis
676 2283 796 2346 gentibus

33 2350 79 2398 vix
97 2347 290 2413 patienterxuni
309 2349 379 2405 viro,
398 2344 497 2395 nedum
516 2346 644 2409 femmae,
667 2350 796 2415 parituris,

32 2415 178 2465 simulatae
189 2429 236 2479 pro
245 2428 324 2463 uxore
336 2412 399 2461 Nini
410 2413 508 2474 filium
517 2429 565 2479 pro
575 2413 669 2465 semina
675 2432 797 2481 puerum.
827 2438 838 2448 ³

33 2482 104 2532 Nam
115 2490 141 2529 et
150 2491 247 2528 statura
257 2482 360 2545 utrique
370 2477 517 2539 mediocria,
537 2490 563 2529 et
571 2496 620 2530 vox
629 2484 725 2548 pariter
735 2500 798 2549 gra-

34 2548 100 2606 cilis,
119 2559 146 2596 et
164 2546 378 2595 lineamentonun
392 2546 501 2608 qualitas
511 2548 624 2599 matriae
634 2548 686 2598 filio
695 2552 799 2601 similia.

36 2616 123 2677 Igitur
131 2610 236 2661 brachia
246 2626 274 2659 ac
284 2627 357 2659 crura
371 2612 536 2671 velamentis,
551 2625 638 2679 ¹eaput
645 2616 709 2665 tiara
720 2620 797 2679 tegit:

37 2690 62 2727 et
72 2696 104 2728 ne
116 2694 185 2727 novo
193 2675 282 2737 habitu
292 2672 392 2738 aliquid
402 2677 529 2725 occultare
543 2677 688 2740 videretur,
707 2678 799 2731 eodem
