2075 3000
38 219 45 227 ι
103 156 686 253 xiusr'oum'u'v'uautumus.
748 204 805 262 257

22 314 164 370 unquam
188 300 321 350 maiorum
345 317 454 352 suorum
478 299 553 350 inter
577 309 620 350 tot
643 301 803 366 domestica,

22 379 92 422 tot.
109 376 229 417 externa
254 366 343 428 bella,
370 379 438 434 post
453 369 610 418 ¹victoriam
635 369 663 418 in
676 364 804 436 seminas

22 435 199 493 saevitum,
225 451 296 504 quas
325 437 410 484 serus
440 436 499 502 ipse
519 435 802 502 etspericulisbello·
877 436 880 443 ’

22 519 108 564 rum,
131 509 159 552 et
179 501 316 552 saevitiae
335 503 470 558 victorum
491 503 611 552 eximat:
632 504 661 552 in
679 503 733 553 hac
751 522 809 555 re-
888 507 892 511 ’

22 590 79 634 ro,
96 578 215 637 praeter
236 587 374 618 commune
395 569 557 620 bellantium
568 569 643 638 fas,
670 571 803 622 accedere

22 635 274 691 necessitudinem
298 637 470 707 ,sanguiniss¹
484 638 587 707 quippe
606 637 709 704 ipsius,
732 655 806 708 quae

22 717 98 758 tam
109 712 226 754 cruente
237 705 356 763 saeviat,
373 721 493 754 sororem
504 705 632 774 equidem
638 723 806 774 germanam

22 790 111 832 esse,
132 781 211 820 sitam
230 789 295 821 vero
315 771 519 836 consobrinam,
540 771 685 826 liberorum
706 773 805 823 deinde

22 839 223 892 communium
233 847 417 889 materteram.
448 841 493 889 His
510 851 554 888 ⁴tot
570 841 805 889 necessitudinibus

22 907 174 971 sanguinis
193 904 279 955 adiicit
298 907 506 972 superstitionem
525 908 627 972 templi,
645 923 696 972 quo
713 907 805 957 'abdita

22 974 192 1044 profugerit,
215 981 348 1046 tantpque
363 973 519 1042 religiosius
530 973 656 1024 colendas
667 973 723 1024 sibi
731 975 807 1034 deos,

24 1059 93 1112 quo
115 1039 209 1108 magis
229 1039 274 1089 his
289 1056 345 1106 pro
363 1041 422 1090 itiis
442 1057 476 1089 ac
488 1040 656 1108 faventibus
673 1042 806 1092 vicisset:

25 1121 98 1162 tum
110 1125 201 1176 neque
216 1107 308 1156 occisa
317 1057 361 1156 ili
473 1108 478 1119 '

28 1194 109 1228 ceno
130 1176 298 1234 demtionem,
323 1191 374 1224 uec
400 1183 576 1224 servaturum
594 1126 714 1225 reddita.
753 1175 808 1226 Sed

29 1255 141 1310 quanto
161 1243 266 1308 Grypus
286 1241 382 1302 abnuit,
401 1253 470 1291 tauto
480 1259 551 1290 soror
559 1241 680 1291 muliebri
691 1245 809 1308 pertina-

33 1312 77 1362 cia
104 1309 262 1368 accenditur,
282 1321 344 1369 rata,
363 1325 416 1357 non
435 1307 626 1358 misericordiae
646 1309 806 1372 haesuram,

31 1379 84 1428 sed
97 1376 193 1427 amoris
211 1391 273 1426 esse.
302 1377 390 1441 Itaque
401 1378 494 1424 vocatis
506 1377 558 1442 ipsa
567 1375 710 1439 militibus,
727 1378 807 1438 mitti,
892 1417 900 1426 x

32 1447 85 1513 qui
100 1460 216 1495 sororem
227 1442 404 1503 confoderent.
436 1443 488 1509 Qui
502 1453 530 1491 ut
547 1445 576 1492 in
588 1444 716 1510 templum
727 1443 807 1494 intras
852 1473 861 1516 '.

31 1523 143 1573 rerunt,
162 1528 229 1569 cum
244 1512 354 1561 evellere
370 1528 427 1560 eam
438 1528 488 1559 non
500 1520 613 1577 possent,
632 1527 725 1559 manus
746 1529 807 1561 am-

32 1581 168 1648 plexantis
179 1578 240 1627 deae
252 1580 418 1627 simulacrum
429 1577 617 1644 praeciderunt.
642 1577 719 1625 Tunc
727 1576 805 1631 ‚Cleo-

33 1640 112 1717 patra
124 1646 283 1695 execratione
293 1644 486 1711 parricidarum,
506 1646 628 1695 mandata
637 1642 736 1693 violatis
756 1664 807 1695 nu·

33 1716 156 1767 minibus
166 1714 265 1776 ultione
276 1712 323 1773 sui,
343 1711 451 1762 decedit.
486 1712 541 1762 Nec
551 1714 638 1761 multo·
644 1723 710 1777 post,
729 1728 807 1779 repe-

35 1785 85 1831 tita
105 1780 200 1847 proelii
219 1781 411 1845 congressione,
431 1781 511 1831 victor
534 1780 678 1847 Cyzicenus
696 1796 807 1832 uxorem

36 1848 127 1915 Grypi
147 1846 346 1913 Tryphaenam,
366 1861 432 1911 quae
452 1849 534 1913 paulo
552 1859 611 1896 ante
631 1862 745 1895 sororem
766 1850 808 1897 in-

35 1918 185 1973 teriecerat,
205 1914 286 1978 capit,
308 1913 414 1979 eiusque
435 1916 561 1980 supplicio
580 1910 666 1963 uxoris
684 1914 805 1976 manibus

35 1982 195 2051 parentavit.
545 1992 549 1999 ·
661 2014 666 2020 -

106 2049 184 2099 Car.
200 2044 247 2097 lv.
267 2044 304 2097 At
318 2048 344 2096 iu
364 2044 484 2114 Aegypto
503 2046 637 2117 Cleopatra
662 2064 723 2098 cnm
747 2065 807 2112 gra-

37 2128 145 2167 varetur
174 2116 243 2165 socio
271 2115 346 2177 regni
358 2148 366 2172 ,
399 2116 453 2163 filio
483 2116 647 2177 Ptolemaeo,
677 2120 807 2183 populum

38 2186 68 2235 in
89 2200 150 2243 cum
176 2182 277 2243 lucitat;
304 2180 464 2245 abductaque
491 2184 514 2229 ei
540 2183 634 2233 Selene
658 2201 751 2248 uxore,
775 2199 807 2231 eo

39 2248 189 2316 indignius,
215 2246 287 2315 quod
312 2262 342 2295 ex
357 2245 456 2296 'Selene
479 2249 532 2297 iam
551 2248 616 2300 duos
638 2253 705 2301 lilios
725 2250 808 2299 habe-

348 1125 426 1166 u,-se
447 1109 549 1158 stiriam
559 1108 629 1176 quid
647 1125 712 1175 uam
724 1110 821 1176 Cyzi*
888 1106 895 1117 ”

38 2318 98 2381 bat,
124 2321 225 2368 exulare
249 2308 325 2379 cogit,
347 2314 468 2363 arcessito
487 2316 591 2367 minore
617 2310 808 2367 filio'Alexan-
892 2319 895 2324 ’

40 2384 102 2445 dro,
120 2395 146 2434 et
164 2400 225 2450 rege
238 2385 265 2432 in
281 2383 370 2431 locum
388 2380 472 2431 fratris
492 2384 640 2434 constituto:
664 2402 711 2433 nec
722 2387 807 2434 filium

41 2468 123 2516 regno
145 2452 273 2519 expulisse
299 2458 432 2507 contenta,
457 2447 527 2496 bello
552 2446 632 2515 Cypri
658 2453 807 2514 exulantem
883 2472 887 2477 ·
961 2455 970 2467 ¹

40 2520 210 2586 persequitur.
255 2514 332 2565 Vnde
348 2516 442 2580 pulso,
471 2515 589 2566 interficit
613 2512 808 2567 duoem'exer.

42 2589 105 2636 citus
129 2588 169 2635 sui
181 2620 189 2644 ,
215 2582 287 2649 quod
311 2584 403 2633 rivum
427 2598 487 2631 eum
510 2597 524 2629 e
548 2582 669 2632 manibus
695 2583 807 2633 dimisis·
860 2624 864 2627 .
893 2588 895 2593 '

58 2664 95 2717 et,
119 2669 267 2719 quanquam
277 2650 440 2700 Ptolemaeus
451 2648 605 2699 verecundia
626 2652 736 2700 materni
747 2651 807 2700 bel·
885 2705 888 2711 ⁴

48 2728 71 2773 *a
90 2738 141 2770 nou
158 2719 255 2768 viribus
270 2717 366 2775 minoe,
385 2714 418 2767 ab
437 2717 525 2767 insula
542 2719 695 2768 recessisset.
724 2718 807 2784 Igitur

79 2788 178 2837 lasum
194 2785 270 2834 Hiar.
573 2779 596 2827 R
644 2817 646 2824 ·
