2075 3000
210 207 249 267 tt
358 159 412 218 .'
497 197 714 254 rvsr1u1.
802 206 806 212 ·

211 308 271 376 qui,
292 323 352 356 cum
371 299 561 355 Messeniorum
579 301 650 352 hello
669 301 787 368 occupati
807 316 898 367 essent,
922 303 980 358 Pe.

210 379 383 443 lopounenses
409 373 563 431 Immisere,
583 371 630 434 qui
654 369 754 418 bellum
772 366 980 424 Atheniensibus
1034 412 1035 415 ,

210 443 332 493 facerent.
369 439 468 489 Parvae
480 450 543 488 tunc
553 436 684 502 temporis,
694 435 772 485 classe
783 439 808 486 in
820 437 980 506 Aegyptum

211 511 297 570 missa,
308 509 375 558 vires
387 503 588 555 Atheniensibus
599 515 679 552 erant.
704 500 793 568 ltaq'ue
801 508 884 556 navali
896 524 980 572 proe=
1035 554 1036 561 ,

210 577 248 626 lio
259 577 422 632 dimicantes,
443 573 517 622 facile
534 579 698 636 superantur.
727 569 865 620 interiecto
876 572 978 624 deinde
1035 626 1037 635 ,

212 656 335 709 tempore,
356 651 414 708 post
423 639 538 688 reditum
550 653 658 686 suorum
677 638 745 692 aucti
756 648 781 685 et
790 639 878 687 classis
888 653 915 690 et
923 642 980 690 mi-
1035 648 1037 692 ζ

211 712 289 760 litum
308 711 412 766 robore,
431 707 562 774 proelium
581 719 739 768 reparavere.
768 704 825 753 Iam
842 717 869 754 et
888 708 979 758 Lace-
1035 694 1037 771 l

213 775 351 838 daemonii,
371 775 472 824 omissis
492 771 640 830 Messeniis,
660 768 782 819 adversus
800 769 978 824 Athenienses
1035 774 1036 779 ’

211 859 282 894 arma
300 848 435 892 verterant.
464 841 517 889 Diu
531 839 601 888 varia
616 838 721 887 victoria
736 837 798 886 suit:
818 836 850 888 ad
865 853 977 905 postre-

210 925 285 961 mum
295 924 377 972 aequo
387 904 470 955 Marte
480 907 603 969 utrinque
613 902 763 953 discessum.
783 901 850 954 Inde
859 911 978 959 revocati
1036 920 1037 971 i

209 973 408 1028 Lacedaemonii
424 967 460 1023 'ad
471 973 661 1024 Messeniorum
672 971 786 1030 bellarm,
808 989 842 1021 ne
854 973 979 1027 medium

209 1053 262 1090 tem
282 1055 312 1088 us
337 1042 450 1089 otiosum
473 1037 673 1088 Atheniensibus
697 1040 884 1102 relinquerent,
912 1058 979 1093 cnm

208 1059 339 1158 Thelssnis
360 1107 530 1172 paciscuntur,
551 1116 581 1153 nt
601 1101 914 1170 Boeotiorumimperiunr
933 1107 978 1160 his
1036 1118 1037 1123 ’

209 1177 391 1234 restituerent,
412 1173 483 1240 quod
503 1172 664 1238 temporibus
685 1171 780 1220 Persici
798 1171 861 1220 belli
876 1176 977 1226 amise-

209 1253 276 1300 rant,
297 1252 326 1289 ut
335 1241 374 1288 illi
384 1237 667 1289 Atheniensium‘hella
677 1240 843 1304 susciperent.
873 1240 978 1293 Tantus

209 1309 283 1358 furor
302 1306 487 1372 Spartanorum
500 1319 559 1366 erat,
580 1317 618 1365 ut,
638 1302 739 1353 duobus
758 1304 834 1354 hellis
844 1307 977 1374 impliciti,

197 1385 199 1389 ⁴
210 1377 339 1442 suscipere
350 1377 457 1425 tertium
467 1392 520 1424 non
530 1383 691 1430 recusarent
707 1370 851 1422 dummodo
862 1375 977 1429 inimicis

210 1443 263 1492 suis
274 1443 358 1492 hostes
373 1444 546 1510 acquirerent.
566 1439 648 1507 Igitur
659 1437 830 1488 Athenienses
849 1440 976 1509 adpensus

208 1520 305 1565 tantam
317 1521 493 1578 tempestatem
523 1510 584 1560 belli
594 1508 659 1558 duos
678 1504 756 1557 duces
771 1508 896 1573 deligunt,
918 1511 977 1563 Pa.

210 1580 309 1636 riclam,
332 1587 457 1641 spectatae
467 1578 567 1626 virtutis
577 1576 672 1655 pirum,
692 1584 717 1624 et
726 1573 889 1641 Sophoclem,
910 1580 976 1628 scri:

209 1656 311 1712 ptoresn
320 1642 525 1709 tragoediarum:
546 1657 599 1707 qur,
620 1639 702 1690 diviso
713 1645 834 1702 exercitu,
851 1656 876 1693 et
885 1643 973 1711 Spar.

210 1723 330 1761 tanarum
350 1726 422 1775 agros
442 1712 622 1766 vastaverunt,
635 1718 661 1756 et
676 1711 772 1759 multas
782 1707 893 1763 Achaiae
904 1714 974 1779 cirin,

210 1790 271 1829 tates
281 1775 479 1827 Atheniensium
494 1775 601 1841 imperio
616 1773 774 1825 adiecerunt.

278 1842 351 1893 Car.
360 1840 419 1892 Vll.
440 1842 486 1891 His
495 1844 571 1892 malis
580 1842 652 1892 fracti
663 1842 866 1910 Lacedaemonii,
886 1850 915 1899 in
925 1862 973 1899 an·‘

210 1922 321 1962 nnsxxx'
332 1909 485 1976 pepigerunt
499 1926 602 1977 pacem:
621 1909 669 1958 sed
686 1920 741 1959 tam
758 1912 867 1978 longum
886 1917 973 1966 otium

210 1978 358 2030 inimicitiae
368 1994 420 2041 non
431 1978 558 2027 tulerunt.
578 1973 668 2041 ltaque
678 1978 770 2042 quinto
782 1978 882 2031 decimo
892 2000 972 2044 anno,

164 2068 166 2075 ¹
209 2055 286 2111 rupto
297 2042 407 2107 foedere,
426 2058 488 2093 cnm
507 2040 973 2115 contemtudeorumhominumque,

210 2114 273 2169 fines
282 2106 381 2161 Atticos
391 2112 557 2178 populantur:
577 2122 602 2159 et
613 2127 645 2160 ne
654 2109 776 2175 praedam
786 2117 879 2178 potius,
889 2132 974 2179 quam

205 2194 336 2248 pugnam,
356 2180 488 2243 expetiisse
511 2177 669 2236 viderentur,
692 2177 777 2227 hostes
796 2178 829 2227 sd
839 2176 974 2247 p'rnelium

210 2255 359 2314 provocant.
385 2242 438 2295 Sed
448 2244 629 2304 Athenienses,
649 2245 756 2293 consilio
767 2244 873 2296 Periclis
883 2245 971 2313 ducis,

208 2312 381 2380 populationis
401 2313 520 2361 iniuriam
539 2309 663 2361 differunt
681 2314 709 2361 in
728 2322 831 2379 tempus
849 2315 974 2380 ultionisa

209 2393 393 2445 supervacuam
405 2396 521 2445 pugnam
541 2379 723 2440 existimantes,
743 2396 805 2429 cum
816 2381 903 2431 ulcisci
914 2382 971 2433 ho·

208 2456 274 2496 stem
284 2447 339 2495 sine
350 2446 464 2509 periculo
474 2456 587 2511 possent.
606 2443 709 2494 Deinde
719 2446 856 2497 interiectis
866 2445 972 2512 diebus,¹

208 2527 285 2561 naves
295 2509 476 2573 conscendunt,
495 2522 521 2561 et
531 2512 597 2560 nihil
615 2512 780 2571 sentientibus
796 2513 972 2565 Lacedaemo-

208 2580 268 2639 niis,
288 2588 367 2628 totam
387 2576 507 2643 Spartam
527 2578 724 2643 depraedantur,
742 2580 877 2647 multoque
892 2582 972 2648 plura

207 2645 337 2707 auferunt,
357 2658 437 2709 quam
456 2644 604 2713 amnentur,
631 2646 738 2702 Prorsus
760 2659 798 2713 nt,
815 2650 844 2701 in
862 2663 969 2717 comps-
