2075 3000
169 179 470 276 msqouraurn
486 191 563 270 nra.
580 191 698 249 xxxu.
736 202 740 208 ¹
763 201 820 261 22⁶

28 294 140 355 tionis,
161 294 231 346 iuxta
247 294 396 362 Aquileiam
416 297 562 361 consedere,
581 298 705 365 Istriqne
724 313 756 349 ex
773 315 820 350 ro·

27 365 146 413 cabulo
170 365 263 424 amuis,
284 381 336 429 quo
357 383 370 414 a
389 359 454 416 rr'rari
478 359 666 426 concesserant,
687 365 819 432 appellati.
842 366 854 400 ·’

29 431 115 482 Daci
131 447 234 498 quoque
245 431 346 482 soboles
357 432 484 484 Getarum
493 444 566 483 sunt:
586 436 712 498 quicum,
738 432 818 482 Olore

31 517 121 566 rege,
142 497 265 551 ativersus
275 499 408 552 Bastarnas
419 502 486 551 male
499 500 670 568 pugnassent,
692 497 725 551 etl
735 500 818 548 ultio-

31 585 113 621 nem
134 567 384 634 segnitiae,‘capt11ri
404 585 527 618 somnum
547 571 629 635 capita
647 572 706 619 loco
717 565 816 634 pedum

33 650 149 750 ponere
160 637 230 684 iussu
250 637 318 702 regis
331 635 498 703 cogebantur-3
517 638 709 702 ministeriaque
729 635 816 685 uxori·

56 721 107 762 us,
131 703 270 768 quaeipsis
291 705 428 760 antenberi
450 704 575 764 solebant,
595 705 686 756 iacere.
722 703 812 768 Neque
865 756 870 766 Ι
931 713 938 720 “

32 769 113 819 haec
124 775 191 818 a'tute¹
201 781 298 820 mutata
316 783 384 832 eruut,
405 787 484 837 quam
496 773 666 838 ignominiam
679 771 749 822 bello
767 785 815 823 ac·

32 847 153 904 ceptam
162 837 255 886 virtute
271 836 396 888 delerent.

119 902 193 952 Gar.
205 905 253 954 IV.
273 905 356 970 Igitur
368 906 483 967 Persem,
503 922 565 957 curn
579 908 689 973 imperio
698 903 813 971 Philippi

34 971 130 1040 patris
141 973 307 1031 successisset,
328 987 419 1021 omnes
429 973 474 1022 bas
485 987 573 1040 gentes
583 973 706 1024 adversus
714 975 817 1025 Roma-¹.

35 1053 96 1088 nos
119 1039 312 1104 insacietatem
332 1039 395 1089 belli
419 1041 579 1090 sollicitabat.
612 1042 725 1092 Interim
748 1041 815 1090 iuter
840 1053 843 1058 ’

36 1105 171 1156 Prusiam
189 1121 286 1171 regem,
307 1105 339 1156 ad
350 1121 430 1170 quern
449 1105 578 1157 Hannibal
592 1119 749 1173 postpaoem
759 1105 829 1156 riu-¹

35 1171 137 1222 tiociao
157 1190 172 1221 a
190 1171 422 1233 Romanisdatam,
442 1175 600 1242 profugerat,
620 1186 647 1225 et
667 1176 816 1225 Eumenem
867 1183 887 1206 ⁶

38 1241 248 1292 beilumdstum
263 1252 309 1300 eat,
328 1238 400 1305 quod
419 1238 530 1305 Prusias,
550 1241 702 1295 Hannibalis
721 1239 814 1290 fiducia
849 1259 854 1273 ¹

39 1317 125 1372 rupto
136 1305 247 1365 foedere,
267 1310 337 1374 prior
346 1308 443 1360 intulit.
467 1309 587 1375 Namque
596 1307 734 1368 Hasntibai,
753 1323 816 1356 cnm

37 1375 76 1423 ab
89 1373 222 1424 Antiocho
233 1375 355 1438 Romani,
376 1377 443 1425 inter
452 1389 548 1426 ceteras
565 1375 727 1425 conditiones
736 1375 814 1441 pacis,
882 1429 888 1447 x

37 1441 211 1492 deditionem
223 1442 277 1492 eius
299 1439 475 1509 deposcerent,
494 1443 643 1493 admonitus
662 1459 677 1491 a
695 1459 765 1509 rege,
785 1441 813 1489 iu
869 1444 879 1450 ”

35 1512 142 1573 sugam
160 1526 257 1569 versus,
279 1509 382 1561 Cretam
400 1510 524 1563 defertur.
536 1527 541 1547 ³
553 1512 593 1563 lbi
603 1527 665 1561 cum
675 1509 721 1561 diu
734 1511 813 1581 quie·

37 1576 193 1633 transitum
212 1578 311 1642 egisset,
330 1576 540 1645 invidiosumque
553 1596 580 1631 se
600 1588 704 1645 propter
720 1577 813 1626 nimias

38 1659 109 1709 opes
131 1640 237 1704 videret,
259 1642 395 1709 amphoras
414 1646 524 1711 plumbo
539 1646 652 1712 repletas
672 1644 812 1710 intemplo

36 1710 156 1767 Dianae,
178 1713 250 1774 quasi
262 1712 378 1760 fortunae
387 1711 448 1763 suae
457 1714 585 1778 praesidia
593 1711 715 1780 deponit,
734 1724 813 1775 atquc

38 1778 108 1829 ideo
127 1777 195 1827 nihil
216 1777 248 1828 de
269 1778 315 1828 illo
334 1778 431 1829 solicita
450 1782 568 1845 civitate,
596 1780 722 1846 qnoniam
741 1779 812 1829 velut
848 1794 851 1796 ’

37 1847 70 1913 pi
75 1858 143 1908 gnus
154 1858 217 1911 opes
226 1847 279 1895 eius
291 1844 401 1907 tenebat,
416 1844 449 1897 ad
460 1848 578 1899 Prusiam
587 1848 728 1908 contendit,
748 1862 812 1895 auro

40 1928 95 1963 suo
110 1914 213 1975 statuis,
236 1930 299 1977 quas
318 1930 407 1963 secum
426 1916 557 1981 portabat,
577 1917 678 1973 inluso,
698 1929 731 1963 ne
745 1929 812 1964 cou-
844 1940 846 1945 ¹

41 1990 150 2045 spectac
161 1996 222 2045 opes
233 1982 299 2030 vitae
310 1992 439 2047 nocerent.
467 1984 547 2043 Dein,
567 1999 630 2032 cum
639 1980 744 2033 Prusias
755 1992 810 2029 ter-

40 2046 122 2097 restri
137 2045 212 2097 bello
226 2048 258 2097 ab
277 2049 395 2097 Eumene
413 2052 495 2098 victus
505 2061 578 2110 esset,
599 2058 625 2095 et
634 2047 763 2111 proelium
784 2047 812 2105 in

42 2129 119 2165 mare
131 2115 306 2178 transtulisset,
325 2112 454 2165 Hannibal
472 2133 542 2166 novo
561 2111 709 2165 commento
723 2123 812 2161 auctor

42 2181 167 2231 victoriae
191 2182 258 2232 suit:
289 2183 384 2247 quippe
404 2198 482 2231 ornus
501 2183 660 2249 serpentium
678 2194 761 2245 genus
783 2178 810 2227 in

43 2248 140 2298 fictiles
159 2249 264 2313 lagenas
285 2247 376 2299 coniici
395 2250 480 2307 iussit,
505 2248 646 2313 medioque
663 2246 762 2313 proelio
781 2245 811 2298 in

44 2332 127 2365 naves
137 2314 252 2365 hostium
263 2317 340 2367 mitti.
357 2361 359 2366 .
370 2315 401 2367 Id
411 2314 527 2383 primurn
542 2315 656 2370 Ponticis
666 2313 811 2365 ridiculum

45 2383 142 2441 visum,
163 2383 286 2433 fictilibus
297 2380 432 2444 dimicare,
456 2385 501 2449 qni
510 2384 579 2436 ferro
589 2392 726 2449 nequeant.
757 2378 812 2431 Sed

44 2448 92 2497 ulai
104 2450 266 2517 serpentibus
284 2450 378 2515 repleri
390 2466 468 2501 naves
484 2467 600 2517 coepere,
618 2450 724 2515 ancipiti
735 2449 810 2517 peri-

46 2517 108 2570 culo
118 2520 294 2578 circumventi,
316 2518 382 2568 hosti
391 2518 524 2571 victoriam
533 2535 639 2585 cessere.
668 2520 742 2583 Quae
762 2514 809 2565 ubi

46 2584 158 2635 Romam
167 2587 285 2635 nuntiata
294 2597 363 2645 sunt,
383 2588 456 2637 missi
467 2604 480 2637 a
490 2599 581 2638 senatu
590 2586 668 2653 legati
678 2596 747 2646 sunt,
762 2582 809 2649 qui

46 2660 189 2717 utrumque
200 2668 291 2718 regern
301 2654 327 2702 iu
337 2668 427 2719 pacem
436 2668 564 2721 cogerent,
585 2650 808 2715 Hannibalemque

38 2716 226 2783 deposcerent.
245 2718 300 2771 Sed
318 2722 456 2785 Hannibal,
478 2725 635 2789 recognita,
661 2730 808 2773 suntcre-

82 2786 285 2849 Irsrrrrlltsr„
322 2798 324 2802 ⁴
602 2788 624 2839 t>
