2075 3000
219 217 257 272 58
475 204 701 260 -lVSl'lNl

220 309 438 378 tibusoppidanis‚
458 322 563 378 propter
578 308 705 358 imbrium
720 319 745 359 et
754 308 865 359 nebulae
875 305 977 375 magnii

220 379 346 439 tudinem,
366 395 473 444 gregem
493 393 626 444 caprarum
647 375 758 425 imbrem
776 374 977 442 fugientiumse·

218 458 292 496 cutus
306 446 453 510 occuparit;
471 457 656 507 reuocatusque
666 445 693 491 in
710 445 863 493 memoriam
875 442 971 491 oraculi

219 529 271 580 quo
284 516 366 562 iussus
378 522 439 572 erat,
460 509 672 574 ducibuecoprrs
691 513 831 578 impeterem
840 525 977 625 pumen,
1023 504 1024 557 l

219 580 291 646 regni
311 579 400 628 sedem
421 581 519 639 statuit3
539 579 709 646 religioseque
727 589 814 643 postea
828 593 844 625 o
862 577 977 642 serravit,

219 663 374 712 quocunque
395 663 487 712 agmen
507 657 630 703 moveret,
650 655 708 694 ante
727 645 802 710 sigua
822 640 925 696 easdem
941 659 978 690 ca-

237 731 277 763 ras
288 714 390 773 habere,
410 725 562 779 coeptorum
571 710 649 761 duces
670 710 812 770 babituros,
832 726 897 775 quas
906 711 976 774 regni

219 732 477 830 liabueratauctorcs.
508 777 607 829 Vrbem
628 777 760 838 Edessam,
779 778 812 827 ob
823 778 977 837 memoriam
1024 818 1025 837 ἒ

218 845 465 910 ruuueris,Aegeas;
485 846 613 912 populum
623 843 755 910 Argeades
764 845 875 895 vocavit·
901 842 979 893 Pulso
1024 844 1025 893 i

219 911 313 963 deiude
328 913 398 962 Mida
420 913 488 976 (uam
498 913 518 960 is
534 929 637 976 quoque
650 913 796 978 portionem
814 907 979 962 Macedoniae
1024 914 1025 919 ’

218 981 312 1041 tenuit)
323 981 430 1044 aliisque
438 978 542 1042 regibus
553 980 641 1042 pulsis,
662 981 689 1027 in
708 981 797 1028 locum
807 978 930 1027 omnium
938 995 979 1027 so·

218 1049 261 1096 lus
271 1048 404 1109 successit3
423 1047 575 1112 primusque
590 1046 707 1095 adunatis
717 1044 836 1110 gentibus
848 1045 978 1095 variorum

217 1115 389 1180 populorum,
410 1113 490 1162 veluti
510 1129 594 1162 uuum
608 1128 698 1179 corpus
718 1111 883 1162 Macedoniae
904 1111 977 1174 fecit3

157 1194 170 1210 '¹
217 1183 394 1245 crescentique
406 1197 493 1246 reguo,
506 1179 590 1230 valida
599 1180 817 1229 incrementorum
823 1176 976 1238 laudamen-

211 1259 241 1296 ta
253 1248 392 1296 coustituit.

279 1313 406 1364 caen.
426 1313 487 1362 Post
504 1313 576 1362 hune
590 1313 845 1378 Perdiccaregnarit,
864 1314 940 1363 cuius
955 1327 978 1364 et
1026 1372 1027 1379 ἵ

121 1391 126 1398 “
164 1437 166 1440 ,
217 1381 267 1432 rita
278 1382 390 1442 illustris,
412 1393 438 1430 et
452 1383 545 1430 mortis
565 1393 701 1448 postrema,
721 1381 803 1431 veluti
823 1398 855 1430 ex
873 1384 978 1430 oraculo
1015 1403 1020 1416 ·

217 1460 359 1515 praecepta,
381 1447 561 1501 memorabilia
576 1450 660 1499 luere:
679 1447 807 1515 siquidem
826 1464 905 1499 senex
924 1467 977 1499 mo-

218 1520 284 1567 rieus
297 1517 396 1582 Argaeo
407 1518 459 1565 filio
475 1520 629 1567 monstrarit
648 1518 746 1576 locum,
765 1534 818 1582 quo
829 1516 908 1565 condi
918 1518 977 1568 rel·

216 1584 265 1643 let3
286 1583 374 1647 ibique
386 1601 438 1631 non
448 1597 494 1632 sua
506 1594 604 1643 tautum
610 1619 619 1643 ,
639 1584 684 1633 sed
694 1595 719 1633 et
728 1582 923 1633 succedentium
934 1584 978 1635 sibi

216 1666 309 1713 regum
320 1666 376 1699 ossa
396 1648 551 1715 pouiiussit3
570 1652 707 1716 praefatus,
727 1649 812 1716 quoad
831 1652 867 1700 ibi
884 1649 979 1700 condi·
1027 1651 1028 1708 j

218 1729 257 1767 tae
267 1714 430 1783 posterorum
450 1716 570 1780 reliquiae
590 1718 682 1776 forent,
697 1733 815 1781 reguum
833 1718 861 1765 in
881 1718 979 1767 familia

217 1800 383 1833 mansurum:
404 1782 562 1848 creduntque
573 1784 619 1833 bac
636 1786 814 1850 superstitione
830 1786 980 1835 exstinctam

217 1850 244 1898 in
255 1848 402 1899 Alexandro
413 1851 527 1916 stirpem,
550 1852 593 1915 qui
604 1853 691 1900 locum
701 1852 847 1917 sepulturae
858 1864 979 1902 mutave-

219 1918 261 1966 rit.
290 1915 415 1982 Argaeus,
435 1916 568 1967 moderate
588 1928 684 1967 etcum
704 1935 791 1967 amore
811 1920 981 1985 popularium

217 1984 393 2033 administrato
412 2001 504 2049 reguo,
530 2001 702 2034 successorem
722 1986 806 2036 filium
825 1984 982 2053 Philippum

217 2054 334 2117 reliquit:
359 2054 417 2116 qui,
443 2054 582 2101 immatura
606 2062 688 2100 morte
715 2064 816 2119 raptus,
843 2054 983 2120 Europum

217 2123 354 2186 parvulum
365 2118 507 2169 admodum
518 2120 632 2167 instituit
641 2115 774 2169 heredem.
793 2117 846 2168 Sed
852 2118 983 2170 Macedo·

217 2187 291 2237 uibus
311 2184 411 2236 assidua
433 2188 572 2235 certamina
592 2202 652 2235 cum
671 2184 813 2236 Thracibus
837 2198 864 2237 et
883 2186 983 2254 Illyriis

217 2252 305 2302 fuere:
336 2270 450 2319 quorum
470 2255 554 2310 armis,
574 2255 657 2302 veluti
678 2252 829 2317 quotidiano
848 2256 984 2314 exercitio,

146 2346 151 2349 ·
217 2320 343 2376 indurati,
364 2322 446 2383 gloria
465 2318 573 2369 bellicae
589 2318 677 2369 laudis
697 2321 822 2370 finititnos
841 2320 985 2373 terrebant.

214 2384 298 2451 lgitur
321 2386 403 2453 Illyrii
424 2386 557 2437 infantiam
577 2388 642 2453 regis
658 2387 753 2453 pupilli
773 2398 986 2445 contemnentes,

216 2450 284 2501 bello
295 2454 446 2503 Macedonas
456 2455 654 2519 aggrediuntur:
674 2455 720 2520 qui
732 2453 830 2521 proelio
839 2455 922 2521 pulsi,
944 2472 987 2504 re·

202 2529 204 2536 '
218 2537 249 2583 gc
261 2536 307 2569 suo
319 2521 346 2569 iu
357 2521 430 2569 cuuis
441 2521 547 2585 prolato,
567 2533 594 2570 et
603 2537 670 2586 pone
690 2520 772 2570 aciem
780 2523 872 2587 posito,
896 2524 988 2573 acrius

218 2600 346 2635 certamen
365 2588 521 2653 repetivere:
540 2599 664 2653 tauquam
673 2586 732 2637 ideo
742 2588 803 2639 victi
815 2588 926 2639 luissent
936 2607 987 2639 att·

218 2664 266 2716 tes,
286 2654 357 2719 quod
366 2652 523 2704 bellantibus
532 2653 580 2705 sibi
589 2652 988 2730 regissuituspiciadefuissentj
