2075 3000
216 211 513 280 susroamsvu
536 193 614 271 m'rL
633 219 663 288 ¹1.
781 227 818 285 11

48 319 155 370 Tantus
166 311 257 368 Croesi
277 334 349 367 amor
358 317 427 384 apud
442 319 618 385 omneaurbee
637 332 704 372 eratt
723 337 819 390 paran-
876 319 881 329 “

49 401 154 450 rusque¹
162 381 246 452 Cyrus
267 402 343 449 grave
362 385 462 436 bellurn
474 388 595 439 Graeciae
604 389 662 451 luit,
682 390 704 438 ai
715 387 777 454 quid
788 392 817 439 in

17 487 19 492 -
51 451 182 502 Croesum
202 450 332 501 crudelius
360 453 536 504 consuluisset.
566 453 702 505 Interiectu
722 453 817 505 deiude

51 531 182 585 tempore,
202 530 325 583 occupato
336 520 363 567 in
379 519 434 568 aliis
443 519 519 570 bellis
530 516 608 587 Cyre,
627 519 695 589 Lydi
704 521 818 570 rebella-

53 603 125 634 vere.
148 585 252 651 Quibus
264 587 359 634 iterum
370 587 444 635 victis
455 603 525 636 arma
534 598 560 635 et
572 591 631 652 equi
643 587 749 649 ademti,
759 589 818 637 ius·
866 607 872 625 ¹

50 652 125 718 rique
137 654 288 718 canpaniae,
308 663 334 699 et
352 650 464 702 ludicras
474 666 549 710 artes,
568 666 594 702 et
603 654 732 703 lenociniis
741 665 819 703 erer-

51 735 118 768 cere.
148 721 184 768 Et
193 721 229 768 sic
248 734 311 782 gens
322 716 447 768 industria
458 719 590 783 quondam
601 732 702 787 potens,
723 733 748 770 et
759 737 816 770 ma-

50 803 88 834 uu
98 797 216 847 strenua,
236 784 380 835 effeminata
390 785 499 835 mollitie
510 787 670 853 luxuriaque,
691 789 817 838 virtutem

50 854 189 918 pristinam
198 843 324 917 perdidit:
344 864 370 901 et
379 869 443 918 quos
454 863 511 903 aute
523 853 622 920 Cyrum
644 852 751 904 invictos
761 853 817 903 bel·

50 919 75 968 la
87 921 276 985 praestiterant,
298 920 324 967 in
345 921 476 970 luxuriam
491 921 576 986 lapsos
585 922 670 971 otium
680 935 709 970 ac
717 919 816 970 desidia

49 987 193 1050 superavit.
224 987 307 1034 Fuere
327 985 407 1053 Lydia
426 987 503 1037 multi
523 998 582 1037 ante
596 987 723 1038 Croesum
732 989 814 1052 regesi

50 1054 128 1102 variis
148 1051 249 1101 casibus
269 1053 465 1115 memorabilem
491 1056 580 1103 nullus
604 1065 692 1104 tamen
710 1055 815 1102 fortuna

49 1117 179 1169 Candauli
190 1118 390 1184 comparandus.
423 1121 472 1170 llic
482 1137 598 1180 uxorem,
620 1137 698 1185 quarn
708 1130 815 1187 propter

49 1186 147 1236 formae
162 1185 387 1250 pulchritudinem
406 1185 547 1253 deperibat,
565 1187 711 1255 praedicare
725 1188 815 1236 omni-
833 1214 836 1225 ·

48 1251 97 1302 bus
106 1253 219 1314 solebat,
240 1270 292 1301 uon
303 1263 440 1302 contentus
450 1255 613 1320 voluptatum
623 1271 728 1304 suarum
739 1254 814 1302 tacita

48 1319 214 1381 conscientia,
234 1321 285 1368 nisi
297 1322 374 1368 etiam
386 1322 546 1370 matrimonii
556 1321 685 1370 reticenda
697 1321 815 1385 publica·

47 1399 100 1437 ret:
120 1403 227 1453 prorsus
238 1385 310 1450 quasi
328 1387 459 1436 silentium
474 1386 601 1438 damnum
611 1385 814 1453 pulchritudiuis

49 1465 122 1505 esset.
152 1451 197 1502 Ad
207 1464 368 1519 postremum
378 1465 407 1503 ut
417 1453 580 1503 affirmationi
590 1468 650 1502 suae
660 1451 739 1501 fidem
748 1451 822 1501 sace-

49 1534 96 1578 ret‚
116 1520 217 1569 nudam
227 1519 309 1570 sodali
327 1538 374 1570 sno
384 1522 453 1587 Gygi
465 1518 586 1569 ostendit.
615 1519 678 1583 Quo
687 1520 770 1577 facto,
789 1530 816 1568 et

49 1588 162 1638 amicum
173 1588 203 1636 in
213 1586 372 1637 adulterium
382 1587 645 1648 traorissollicitatnm‚
657 1584 815 1636 lioatemsibi

50 1655 124 1703 lecit:
146 1667 171 1704 et
181 1670 298 1713 uxorem,
317 1654 399 1702 veluti
409 1652 502 1702 tradito
508 1653 556 1713 ‚alit
566 1670 661 1715 amone,
685 1669 735 1702 ase
746 1655 813 1702 alie·

50 1724 130 1771 navit.
161 1721 283 1785 Namque
302 1721 374 1769 brevi
390 1730 448 1785 post
457 1730 572 1785 tempore
589 1722 677 1771 caedes
688 1718 816 1768 Candauli

50 1791 202 1855 nuptiarum
222 1788 367 1852 praemium
386 1786 448 1848 suit;
470 1797 495 1834 et
514 1804 580 1835 uxor
590 1788 677 1837 mariti
687 1787 814 1849 aaugrrine

51 1854 149 1914 dotata,
172 1870 285 1919 reguum
296 1855 345 1902 viri
356 1866 418 1903 etse
430 1853 527 1919 pariter
539 1853 656 1902 atlultero
667 1853 779 1903 tradidit.
810 1865 814 1895 t

117 1922 193 1972 Cas.
214 1920 289 1970 Vlll.
313 1918 409 1987 Cyrus,
429 1918 532 1970 subacta
553 1923 628 1979 Asia,
649 1932 674 1969 et
693 1922 813 1970 univerae

50 1986 159 2039 Oriente
170 1990 197 2037 in
208 1998 358 2054 potestatem
368 1988 483 2047 redacto,
503 1986 606 2054 Scythia
616 1988 716 2037 bellum
725 1988 813 2036 infert·

48 2056 111 2107 Erat
123 2072 154 2105 eo
175 2066 291 2120 tempore
313 2053 468 2121 Scytharum
485 2055 576 2121 regina
595 2054 726 2121 Tomyris,
746 2069 813 2117 quae

48 2140 101 2171 non
111 2122 276 2171 muliebriter
286 2121 398 2171 adventu
408 2120 522 2170 hostium
530 2122 629 2180 territa,
649 2138 709 2170 curn
717 2120 812 2185 prohi-

49 2190 109 2240 bere
120 2205 164 2237 eos
175 2190 284 2238 transitu
294 2185 385 2237 Araxis
395 2189 509 2238 fluminis
524 2200 617 2255 posset,
638 2189 744 2235 transire
754 2203 814 2251 per·
843 2189 846 2193 ”

48 2256 129 2314 misit,
150 2266 176 2303 et
195 2254 244 2305 sibi
263 2255 405 2305 faciliorem
422 2270 539 2321 pugnam
548 2257 615 2304 intra
625 2256 699 2317 regni
709 2254 750 2301 aui
762 2264 814 2301 ter·

49 2324 135 2371 minos
145 2334 209 2380 rata,
230 2332 255 2371 et
272 2322 385 2371 hostibus
395 2323 494 2371 obiectu
504 2324 621 2370 fluminis
632 2321 721 2384 sugam
741 2318 813 2370 diffi-

51 2391 176 2437 ciliorem.
200 2386 290 2452 Itaque
304 2388 387 2456 Cyrus
398 2388 506 2439 traiectis
514 2390 604 2455 copiis,
624 2402 685 2435 cum
695 2388 812 2452 aliqnan-

51 2457 130 2521 tisper
142 2457 170 2503 in
191 2455 325 2521 Scythiam
344 2458 516 2522 processisset,
536 2465 615 2504 castra
634 2467 745 2504 metants
763 2466 811 2503 est·
855 2454 886 2504 't

51 2519 119 2575 Dein
140 2531 241 2587 postera
265 2520 322 2585 die,
342 2523 462 2571 simulato
481 2533 566 2583 metu,
587 2524 659 2588 qnasi
679 2522 812 2585 refugiens

52 2600 132 2638 castra
154 2586 318 2651 deseruisset,
339 2590 393 2638 vini
412 2589 517 2647 affatim,
538 2600 563 2637 et
583 2605 624 2648 ea,
644 2604 709 2652 quae
728 2587 812 2652 epulis

54 2666 126 2707 erant
136 2655 285 2722 necessaria,
303 2656 417 2721 reliquit.
442 2654 592 2720 Quodcum
600 2655 747 2704 nuntiatum
766 2666 812 2701 re-
