2075 3000
146 188 452 297 arsroruauvu
482 219 559 274 um.
578 218 677 273 xum.
703 225 793 300 ‚2⁷⁵

12 327 85 382 'nn‘
109 321 186 374 Tune
198 337 222 376 et
231 337 334 376 senatus
347 335 453 374 eentum
466 325 614 387 seniorum,
634 325 680 391 qui
688 325 794 380 Patrae

11 394 90 446 dieti
112 404 186 452 suut,
205 394 388 446 constituitur:
412 403 474 444 tune
495 405 519 442 et
540 393 645 453 ricinis,
664 391 795 444 connubia

11 472 160 530 pastorum
167 459 379 525 dedignantibus,
391 461 511 524 'virgines
521 457 632 510 Sabinae
642 463 795 528 rapiuntur3

11 526 197 592 finitimisque
206 530 309 594 populis
320 530 399 578 armis
409 529 537 588 subiectis,
557 528 676 594 primum
692 529 794 593 ltaliae,

12 609 44 648 et
56 593 129 646 mor
137 597 205 645 orbis
215 596 355 660 imperium
366 597 521 660 quaesitum.
532 595 620 645 Perea
629 596 716 646 adbuc
725 608 795 646 tem·

12 681 89 733 pora
99 678 173 728 reges
184 662 267 716 hastas
277 681 324 730 pro
334 662 481 714 diademate
491 662 628 725 habebant,
639 681 700 729 quas
712 663 795 716 Grae·
880 725 884 731 .

14 735 43 782 ei
56 739 177 796 sceptra
194 731 292 781 dixere.
329 731 398 784 Nam
418 741 445 780 et
459 729 491 780 ab
506 733 608 795 origiue
622 749 726 792 rerum,
745 747 795 798 pro

13 798 73 850 diis
86 797 277 848 immortalibus
289 809 386 849 veteres
398 796 481 848 hastas
490 800 604 857 coluere:
625 797 659 847 ob
669 800 743 849 euius
752 815 795 848 re·
836 852 842 856 U
873 805 876 809 '
889 850 891 854 ,

12 866 133 932 ligiouis
142 867 298 916 memoriam
315 863 530 916 adhuc.deorum
549 866 696 916 simulacris
705 865 799 922 hastae
850 886 853 896 ’

12 931 168 986 adduntur.
195 930 370 998 Temporibus
381 933 516 998 Tarquinii
528 935 595 1000 regis
606 950 640 982 ex
649 932 710 983 Asia
721 924 794 984 Pho-

15 999 314 1060 caeensittmiuveutus,
334 1001 399 1050 ostio
410 999 513 1050 Tiberis
525 1003 632 1058 invecta,
653 998 795 1052 amicitiam
825 1003 828 1009 '
889 1032 892 1039 ν

15 1085 88 1118 eum
108 1065 227 1124 Romanis
249 1068 346 1116 iunxit:
366 1065 427 1116 iude
446 1069 474 1117 iu
489 1068 598 1118 ultimos
610 1069 713 1118 Galliae
722 1071 800 1121 sinus

15 1132 139 1186 travibus
159 1146 288 1200 provecta,
308 1135 451 1184 Massiliam
471 1135 539 1184 iuter
558 1136 669 1200 Ligures
683 1148 710 1185 et
726 1136 795 1187 feras
823 1156 827 1162 ”
889 1141 892 1144 ’

17 1213 118 1269 gentes
128 1199 267 1259 Gallorum
277 1199 408 1265 condidit:
427 1216 586 1268 magnasque
597 1219 646 1262 res,
665 1204 719 1262 eive
729 1201 795 1253 dum

17 1269 107 1321 armis
119 1285 145 1316 se
164 1267 287 1318 adsersus
306 1269 435 1320 Gallicam
454 1269 583 1320 feritatem
599 1281 719 1330 tuentur,
738 1272 794 1320 aive

19 1336 93 1386 dum
103 1335 172 1384 ultro
193 1337 330 1397 lacessunt,
350 1337 468 1402 aquibus
480 1337 584 1388 fuerant
603 1338 794 1400 autelacessiti,
870 1385 875 1393 ,

19 1414 169 1468 gesserunt·
200 1404 324 1467 Namque
330 1403 505 1454 Phocaeeuses
520 1405 662 1469 exiguitate
672 1421 700 1454 ao
709 1405 794 1456 macie

19 1479 109 1526 terrae
128 1471 222 1532 eoacti,
241 1469 381 1522 studiosius
402 1489 488 1533 mate,
508 1490 589 1538 quam
609 1484 698 1533 terras,
718 1489 795 1523 exer-

20 1554 118 1589 cuere:
139 1538 272 1604 piscando,
293 1538 441 1599 mercando,
457 1543 615 1606 plerumque
626 1542 702 1591 etiam
712 1542 803 1591 latro·'

20 1605 93 1654 cinio
105 1606 190 1665 maris,
211 1604 280 1671 quod
291 1609 344 1657 illis
354 1608 514 1675 temporibus
527 1610 624 1673 gloriae
643 1608 795 1670 habebatur,

20 1675 107 1725 vitam
118 1672 272 1724 tolerabant.
304 1675 394 1740 ltaque
414 1677 442 1723 in
463 1677 584 1731 ultimam
596 1676 705 1736 ,Oceani
720 1694 795 1727 oram

20 1738 169 1808 procedere
189 1744 257 1801 ausi,
283 1744 310 1791 in
330 1744 418 1793 sinum
439 1742 573 1793 Gallicum
591 1746 657 1795 ostio
675 1743 794 1795 Rhodani
815 1772 837 1791 ι,

21 1800 261 1857 amuisslbvenere:
281 1810 417 1861 ouiusloei
437 1811 675 1879 amoenitateeapti‚
696 1812 795 1862 reversi
881 1847 889 1853 -

21 1873 148 1930 domum,
169 1874 307 1927 referentes
329 1894 394 1942 quae
407 1876 538 1939 viderant,
557 1882 645 1943 plures
665 1880 794 1929 sollieita-

22 1956 99 1992 vere.
131 1939 221 1990 Duces
242 1944 326 1993 classis
345 1943 432 1994 Simos
446 1956 471 1994 et
492 1944 574 1994 Protis
586 1948 670 1995 fuere.
703 1944 794 2011 Itaque

21 2022 119 2071 regem
139 2008 366 2075 Segobrigiorum,
387 2012 518 2063 Naurum*
530 2014 650 2073 nomine,
670 2014 699 2063 in
718 2014 792 2063 euius

21 2076 121 2127 fluibus
132 2076 226 2125 urbem
245 2078 357 2127 condere
377 2080 530 2142 gestiebant,
548 2079 690 2129 amicitiam
700 2092 793 2146 peten-

21 2155 65 2193 tes
79 2145 245 2193 conveniunt·
278 2145 354 2195 Forte
365 2163 395 2194 eo
406 2144 447 2199 die
463 2144 507 2195 rex
523 2156 662 2211 oeeupatus
672 2148 698 2196 in
709 2165 793 2213 appa·
854 2183 856 2186 .
874 2174 876 2176 >

22 2218 84 2261 ratu
95 2212 246 2277 nuptiarum
255 2211 349 2277 Gyptis
361 2213 426 2261 filiae
437 2218 501 2275 erat;
523 2228 618 2276 quam,
638 2230 712 2263 more
729 2231 794 2281 geu·

23 2270 66 2337 tis,
88 2278 346 2345 electointerepulas
362 2296 466 2343 genero,
486 2290 600 2345 nuptum
620 2281 720 2331 tradere
739 2282 794 2331 illia

24 2343 141 2413 parabat.
170 2346 261 2407 Itaque
272 2361 334 2395 cum
345 2344 378 2395 ad
391 2347 493 2412 nuptias
514 2346 612 2396 invitati
622 2365 712 2398 omnes
722 2350 794 2413 proti

24 2422 118 2468 esseut,
136 2423 260 2475 rogantur
271 2413 350 2461 etiam
360 2412 452 2465 Graeci
464 2414 538 2481 hospi
563 2417 578 2464 's
588 2413 623 2464 ad
633 2418 794 2467 convivium.

27 2471 176 2531 introducta
187 2477 282 2529 deiude
293 2481 366 2545 virgo
376 2496 437 2531 eum
447 2481 536 2537 iubere
550 2500 580 2532 ur
590 2486 604 2532 a
614 2495 687 2549 patre
697 2500 793 2550 aquam

27 2546 158 2613 porrigere
178 2546 201 2595 ei
213 2580 225 2604 ‚.
251 2562 331 2611 quem
350 2548 444 2597 viram
457 2550 552 2616 eligere
607 2562 671 2601 tune
689 2552 791 2602 omissis
843 2578 852 2587 ,

27 2609 148 2683 omnibus
159 2612 192 2662 a'd
203 2608 317 2663 Graecos
328 2630 458 2677 conversa,
478 2634 574 2683 aquam
606 2621 657 2669 roti
669 2620 792 2685 porrigit:

28 2677 74 2745 qui
85 2678 166 2729 lactus
177 2697 207 2739 ex
218 2680 316 2748 hospite
336 2698 424 2747 gener,
444 2686 533 2735 locum
553 2685 703 2754 condendae
719 2685 793 2738 urbis
818 2675 838 2707 ‘⁸

12 2761 142 2803 ,ametro
161 2749 261 2847 accipit.
292 2748 404 2822 Condita
422 2752 502 2823 igitur
523 2752 638 2875 Msaapilia
657 2767 694 2827 est
712 2771 793 2827 prope
