2075 3000
194 101 589 197 ursaonrsurnsm}
606 143 654 198 nc.
680 154 684 160 ·
752 149 807 210 «οι

113 237 192 294 Cur.
213 231 264 294 lll.
285 239 338 294 Sed
358 247 496 294 revertenti
518 245 552 297 ab
571 246 679 314 Scythis
696 246 807 298 Triballi

2 345 3 348 =
42 311 165 378 Philippo
176 321 326 359 occurrunt:
347 325 481 376 negantes
492 315 627 364 transitum
637 315 756 376 daturos,
779 315 807 364 ni

39 381 191 448 portionem
218 377 345 442 accipiant
370 379 488 444 praedae·
532 381 601 430 Hinc
625 383 755 446 iurgium,
781 393 808 432 et

39 464 103 496 mox
122 446 266 512 proelium,
287 447 313 493 iu
326 461 384 508 ,quo
396 447 464 494 itain
488 447 587 496 femore
606 449 755 498 vulneratus
771 459 808 498 est

39 515 195 578 Philippus,
216 523 245 559 us
260 519 306 575 per
327 526 419 576 corpus
440 514 492 562 eius
511 530 593 578 equus
612 515 805 566 interficeretur.

40 581 110 630 Crrm
133 595 224 627 omnies
244 577 357 626 occisum
375 591 508 644 pulsarent,
534 581 628 646 praeda
647 584 739 632 smisso
759 593 806 630 est.

41 650 79 698 lta
101 641 234 712 Scythica,
262 645 335 694 selus
356 643 460 706 devota,
490 649 571 713 spolia
592 665 673 714 psens
691 651 808 699 luctuose

40 710 232 770 Macedonibus
253 711 332 761 luere.
364 711 418 760 Ubi
434 729 492 762 vero
513 731 545 764 ex
565 718 674 764 vnlnere
694 718 808 782 primum

41 779 191 837 convaluit,
214 776 261 827 diu
280 778 472 829 dissimulatum
491 782 592 830 bellum
609 780 808 832 Atheniensibus

40 849 136 899 insert:
161 861 273 910 quorum
283 845 500 902 causaeThcbaui
511 865 537 896 sc
547 850 669 908 iunxere,
684 860 807 900 ,metuen-

39 931 94 977 tes‚
114 929 148 962 ne
164 915 235 961 victis
251 911 450 965 Atheniensibus
463 915 578 975 bellum,
597 918 676 966 veluti
694 915 805 969 vicinari

38 981 211 1040 incendium,
233 978 302 1030 adse
314 984 441 1047 transiret.
476 983 551 1032 Facta
567 985 646 1048 igitur
662 987 729 1034 inter
744 983 808 1032 siuas

37 1052 123 1118 paulo
150 1057 209 1096 ante
234 1048 409 1098 infestissimas
429 1049 547 1100 ciritates
571 1053 716 1113 societate,.-
734 1052 808 1116 legs-

37 1115 159 1168 tionibus
181 1113 318 1165 Grs‘ecism
343 1115 457 1180 fatigant.
499 1117 676 1168 Communem
701 1117 808 1176 hostem,

35 1195 150 1253 putant,
179 1183 361 1232 communibus
381 1183 479 1232 viribus
499 1185 733 1235 summovendum:
762 1202 808 1234 ue·
883 1241 887 1246 ¹

36 1271 92 1319 que
104 1251 177 1300 euim
194 1260 354 1300 cessaturum
369 1247 538 1318 Philippum,
557 1254 579 1302 si
594 1270 712 1318 prospere
727 1253 808 1318 prisus
823 1255 826 1260 '

34 1315 228 1376 successerint,
248 1318 297 1365 nisi
308 1334 411 1374 omnem
423 1319 557 1368 Graeciam
573 1318 712 1368 domuerit.
746 1317 807 1366 Mo·

34 1400 80 1438 tae
110 1383 240 1450 quaedam
265 1385 375 1434 civitates
405 1383 607 1437 Atheniensibus
626 1404 654 1435 se
680 1387 807 1450 iungunt,

36 1451 170 1523 quostiam
193 1463 278 1501 autern
303 1449 336 1501 ad
351 1449 505 1521 Philippum
525 1451 588 1502 belli
611 1465 697 1504 metus
723 1453 810 1502 trasit.'

35 1521 146 1573 Proelio
168 1522 319 1581 commisso,
344 1536 403 1569 cum
422 1518 595 1571 Athenienses
614 1523 693 1587 longe
713 1522 810 1569 maiore

35 1590 160 1639 militum
181 1602 290 1634 numero
313 1597 482 1652 praestarent,
513 1588 618 1638 assiduis
636 1589 711 1638 bellis
735 1587 810 1637 iudu-

35 1669 93 1707 rata
106 1655 202 1704 virtute
214 1652 388 1705 Macedonum
404 1656 552 1706 vincuntur.
586 1657 645 1707 Non
656 1668 746 1705 tamen
759 1656 809 1704 im·

36 1733 173 1773 memores
188 1721 306 1785 pristinae
317 1722 418 1784 ,gloriae
434 1720 562 1773 cecidere:
586 1727 681 1790 quippe
697 1722 809 1771 adversis

39 1786 211 1846 vulneribus,
241 1804 333 1836 omnes
358 1788 428 1847 locu,
458 1788 523 1853 quae
548 1788 645 1839 suenda
665 1808 679 1839 s
700 1788 810 1839 ducibus

36 1866 209 1922 acceperunt,
248 1853 386 1904 morientes
416 1856 563 1921 corporibus
593 1869 718 1907 texerunt.
763 1854 810 1905 Hie

37 1924 98 1975 dies
117 1920 254 1971 universae
266 1922 387 1971 Graeciae
403 1934 428 1971 et
443 1924 553 1986 glorians
568 1924 766 1987 dominationis,
785 1935 810 1973 et

38 1989 248 2041 vetustissimam
257 1989 403 2038 libertatem
414 1990 505 2041 finivit.
534 1990 538 1995 ’

111 2056 190 2106 Car·
211 2054 259 2106 [v.
289 2056 377 2105 'Huius
400 2058 522 2109 victoriae
538 2056 637 2107 callide
650 2058 810 2109 dissimulata

22 2184 27 2191 Ι
41 2124 141 2173 laetitia
154 2134 200 2172 est.
235 2122 356 2188 Denique
371 2142 423 2171 non
439 2126 512 2173 solita
533 2141 603 2173 sacra
613 2124 748 2191 Philippus
768 2124 813 2176 illa

44 2191 93 2240 die·
110 2190 190 2251 secie,
203 2241 208 2249 ,
221 2207 274 2238 nou
294 2192 320 2238 in
341 2191 458 2239 convivio
477 2194 545 2252 r'isit3
578 2209 631 2239 non
651 2191 727 2241 ludos
747 2192 811 2238 inter

49 2260 135 2323 epulas
146 2254 278 2319 adhibuit,
304 2274 356 2305 uon
377 2269 534 2305 cororsssaut
556 2271 688 2321 unguente
708 2258 812 2316 sumsit,

49 2336 80 2383 et,
95 2336 228 2390 quantum
244 2326 268 2372 in
281 2325 326 2372 illo
337 2324 400 2385 luit,
420 2325 453 2372 ita
464 2324 532 2384 vicit,
551 2336 582 2371 ut
596 2326 720 2375 victorem
735 2340 812 2373 uerno

40 2395 164 2441 sentiret.
201 2389 255 2439 Sed
275 2406 322 2439 uec
343 2408 433 2455 regem
452 2408 478 2438 se
497 2390 634 2451 Graeciae,
653 2392 699 2441 sed
719 2389 813 2443 ducem

47 2460 172 2525 appellari
183 2458 265 2507 iussit.
298 2454 384 2523 Atque
398 2460 431 2507 its
451 2458 516 2507 inter
527 2457 628 2507 tacitam
648 2456 773 2509 laetitiam
788 2468 813 2507 et

46 2526 168 2577 dolorem
194 2524 307 2573 hostium
327 2526 492 2591 temperavit,
513 2531 542 2573 nt
562 2543 645 2591 neque
665 2526 734 2593 apud
754 2541 813 2573 seros

42 2594 203 2655 exsultasse,
230 2607 314 2657 neque
331 2590 401 2657 npnd
423 2593 501 2639 uictos
521 2593 654 2643 insultasse
673 2588 811 2642 rideretur.
834 2634 838 2640 .

32 2660 269 2727 Atheniensibus,
289 2674 353 2725 qrsos
367 2674 455 2725 pessus
477 2658 653 2710 infestissimos
673 2660 769 2720 iuerat,
789 2670 812 2709 st

81 2726 188 2777 Ivsrnu
204 2725 280 2775 Hrsr.
545 2738 550 2750 ⁸
584 2728 607 2776 F
