2075 3000
211 149 252 204 50,
491 135 701 206 sternte

178 264 186 272 r
209 243 298 308 ibique
317 257 406 308 regem
426 238 695 291 Lacedaemoniorum
714 219 840 306 impellit,
868 234 983 288 turbatis

210 307 410 359 Atheniensibus
431 306 540 366 adverso
559 309 662 358 Siciliae
682 310 794 374 proelio,
824 306 899 354 ultro
922 305 982 354 bel-

190 417 192 422 .
209 376 267 426 lum
278 377 380 426 inferre.
394 379 399 385 “
415 377 474 441 Quo
485 376 560 435 sacto,
569 378 659 426 omnia
670 376 791 426 Graeciae
800 390 895 440 regna,
907 374 981 423 velut

210 443 244 494 ad
264 441 483 508 exstinguendum
502 449 641 493 commune
666 441 830 503 incendium,
862 458 981 490 concur-

210 523 281 562 runt.
316 512 432 562 Tantum
442 508 495 560 odii
505 509 857 570 Atheniensesimmoderati
874 509 982 574 imperii

211 575 363 645 erudelitate
383 589 570 642 contraxerant.
605 578 699 627 Darius
718 594 837 642 quoqne,
856 593 910 625 rex
921 577 983 626 Per·

158 692 165 700 ,
211 663 313 709 sartam,
349 661 450 696 memor
475 647 577 710 paterni
602 647 713 710 avitique
737 645 765 692 in
788 644 856 692 hanc
885 643 980 692 urbem

210 712 278 777 odii,
309 711 375 762 faeta
399 727 459 762 curn
483 709 694 762 Lacedaemoniis
719 729 766 778 per
790 711 980 771 Tissafemenn

210 781 374 849 praefectum
384 778 499 846 Lydiaes
510 781 638 841 societate,
657 797 765 830 omnem
783 790 909 828 sumtum
918 779 982 827 belli

162 883 166 890 -
210 849 355 916 pollicetur.
390 845 426 896 Et
444 859 498 896 erat
520 846 562 895 hic
580 848 687 913 quidem
708 846 796 897 titulus
817 863 884 895 cerm
901 845 983 896 Grae·

212 917 249 965 cis
260 913 372 964 coeundi
383 933 389 964 ς
409 931 437 964 re
453 927 541 965 autem
551 933 612 965 vera
623 913 743 976 timebat,
763 933 795 964 ne
806 915 882 964 victis
895 912 981 963 Atiae-

187 1020 189 1026 ι
211 982 346 1046 niensibns
372 980 451 1031 adse
476 980 676 1032 Lacedaemonii
703 999 774 1030 arma
798 981 980 1030 transferrent

212 1051 279 1115 Quis
299 1049 376 1113 igitur
400 1051 523 1112 miretur,
552 1061 606 1098 tans
631 1052 752 1110 florentep
771 1046 981 1098 Atheniensium

213 1135 274 1184 opes
285 1119 374 1179 ruisse,
393 1133 454 1166 cum
469 1115 502 1166 ad
517 1118 717 1183 opprimendam
726 1133 808 1166 unam
826 1117 935 1176 urbem,
945 1127 981 1164 to·

213 1187 263 1236 tius
284 1183 398 1234 Orientis
408 1187 475 1234 vires
491 1184 691 1235 concurrerent?
713 1185 773 1233 Nou
789 1195 878 1233 tamen
895 1185 979 1243 inerti¹

212 1269 302 1318 neque
318 1253 455 1301 incruento
480 1251 595 1301 cecidere
615 1252 700 1302 bello:
729 1250 777 1301 sed
801 1251 924 1317 proeliati
951 1248 980 1299 ad

162 1337 174 1347 ‘¹
212 1322 348 1380 ultimum,
369 1321 568 1380 victoresetiam
583 1320 724 1382 interdum,
744 1320 876 1368 consumti
896 1320 980 1386 magis

212 1389 331 1438 fortunae
350 1388 486 1448 varietate,
507 1403 590 1452 quam
605 1389 630 1436 ri
651 1389 714 1436 victi
731 1397 802 1436 suut.
846 1385 979 1452 Principio

111 1463 134 1496 ‘.
212 1456 387 1511 belliomnes
405 1454 438 1505 ab
449 1454 489 1505 bis
509 1457 591 1505 etiam
609 1455 671 1503 socii
690 1453 861 1512 desciverant,
882 1466 915 1503 ut
941 1457 979 1505 fis:

133 1562 140 1573 ,
213 1524 275 1591 Quo
284 1540 311 1572 se
322 1524 433 1585 fortuna,
444 1521 537 1571 eodem
548 1524 624 1573 etlam
635 1523 709 1574 lavor
718 1522 855 1573 homiuum
861 1522 978 1571 inclinat

282 1588 358 1639 Can.
376 1588 411 1639 ΙΙ.
445 1588 594 1638 Alcibiades
610 1607 718 1656 quoqne·
732 1601 835 1639 motum
855 1587 986 1639 adversus-

214 1658 326 1725 patriem
345 1654 469 1715 bellum„
483 1670 537 1705 non
558 1660 671 1720 gregarii
697 1659 795 1707 militis
815 1673 903 1723 opera,
932 1654 978 1707 sed

214 1724 383 1791 imperatoriis
403 1723 556 1784 virtutibus,
585 1724 698 1774 adiuvat.
735 1723 848 1791 ¹Quippe
870 1726 978 1792 acceptis

215 1794 332 1859 quinque
351 1790 461 1840 navibus
482 1790 507 1839 in
529 1789 619 1841 Asiam
636 1790 781 1850 contendit,
800 1803 827 1839 et
840 1792 975 1841 tributari-

215 1877 243 1910 ss
262 1856 465 1909 Atheniensium
485 1859 611 1920 civitates,
632 1862 781 1916 anctoritate
799 1860 916 1909 nominis
931 1858 976 1919 sni,

216 1925 249 1979 ad
278 1924 449 1993 deiectionem
478 1925 620 1992 compellit.
655 1916 778 1975 Sciebant
807 1927 879 1975 enim
908 1927 993 1977 domi-

217 1996 330 2056 cianum,
349 2010 399 2043 nec
415 1996 504 2043 exsilio
519 1992 753 2044 videbautiactum
767 1993 912 2057 minorem
932 2007 978 2043 nec
1025 1981 1026 1998 ¹

207 2063 269 2115 ‘tam
280 2061 397 2119 ablatum
410 2060 612 2112 Atheniensibus
628 2059 735 2123 ducem,
757 2078 836 2126 qnam
852 2061 978 2113 La‘cedae·

217 2131 311 2183 moniis
326 2128 462 2191 traditnnst
475 2140 597 2195 partaque
609 2146 670 2178 cum
679 2130 780 2178 amissis
791 2130 899 2195 imperia
912 2145 979 2193 peu-

217 2198 314 2264 sabant.
351 2196 405 2248 Sed
420 2198 491 2263 apud
506 2196 727 2249 Lacedaemonios
743 2199 827 2246 virtus
841 2194 980 2248 Alcibiadis

129 2262 172 2323 ns
218 2268 277 2332 plus
297 2264 408 2315 invidiae
428 2282 506 2330 qrram
528 2266 624 2331 gratiae
644 2266 780 2315 contraxit.
814 2263 903 2328 Itaque
921 2278 978 2311 cnm

237 2334 348 2398 rineipes
368 2334 441 2383 velut
461 2334 595 2384 aemulum
616 2332 710 2398 gloriae
729 2348 791 2381 snae
820 2330 979 2380 interficien-

219 2351 284 2449 dum
298 2398 398 2449 insidiis
415 2398 588 2459 mandassent,
603 2400 706 2463 cognita
720 2416 749 2447 re
774 2398 919 2449 Alcibiades
932 2412 978 2465 per

162 2468 165 2475 “
221 2482 329 2515 uxorem
351 2464 442 2533 Agidis
463 2469 557 2533 regis,'
571 2477 651 2532 quarn
668 2468 796 2519 adulterio
817 2476 977 2532 cognoceret,
1025 2457 1027 2490 ²

221 2532 456 2594 ad'Tissnfernem,
475 2535 633 2599 praefectum
653 2534 831 2601 Darii-regis,
851 2533 978 2600 profugitp

145 2622 147 2629 s
222 2598 299 2653 cuiae
318 2602 436 2653 celeriter
450 2600 527 2653 officii
546 2604 709 2685 comitatem
726 2600 890 2669 obsequendi
899 2601 977 2669 gratia
