2075 3000
216 150 274 212 142
498 140 694 202 tvsrrut

214 262 270 316 tur,
290 262 317 301 et
329 242 392 303 inita
402 242 521 304 societate
530 247 679 316 perimitur,
704 246 884 301 titrerocatna
904 250 933 301 in
943 270 987 321 pa·

214 321 299 379 triam,
318 322 420 387 prodita
439 320 463 367 ei
482 316 557 375 urbe,
578 316 718 382 praefectus
739 318 795 366 eiua
816 322 989 371 constituere·

214 397 265 439 tur.
294 387 384 437 Postea
403 398 491 437 autem
508 383 623 444 insidias,
643 400 705 449 quar
726 383 826 433 civibus
842 398 989 453 paraverat,

127 454 138 463 ’
213 454 241 503 in
252 454 339 521 ipsum
352 452 530 504 Mithridatem
542 462 659 501 verterat.
670 448 815 516 'Namque
837 457 989 515 cumfvel.

213 532 243 570 ut
254 524 346 575 arbiter
362 521 446 572 civilia
457 518 607 577 discordiae,
627 515 660 567 de
671 519 761 567 exsilio
771 536 896 587 reversus
916 533 990 583 esset,

213 598 309 637 statuto
327 598 458 655 tempore,
487 604 540 653 quo
565 584 833 650 urbem-,Mithridati
864 587 990 653 traderet,

213 656 299 723 ipsum
320 671 380 705 cum
399 657 489 706 amicis
507 653 664 718 auia‘cepit,
684 663 861 721 captumque,
885 668 991 723 accepta

214 719 315 787 ingeriit
325 724 443 789 pecunia,
463 719 571 772 dimisit.
591 718 678 785 Atque
688 732 719 769 ut
732 723 759 769 in
772 722 817 770 illo
828 720 955 771 subitum
965 739 990 772 se

215 804 247 839 ex
258 791 328 839 rocio
340 790 402 839 {ecit
412 788 513 838 boetem
522 806 528 837 z
537 788 573 836 sic
584 804 616 837 ex
627 784 764 837 defensore
774 790 924 839 senatoriae
931 806 981 839 cau

133 854 140 862 ”
214 870 267 917 tae,
290 868 396 922 repente
412 866 536 923 patronus
545 855 629 921 plebis
649 855 740 916 eratin
760 864 787 903 et
799 854 930 906 adversus
943 876 991 907 au-

215 934 295 972 ctores
305 922 434 988 potentiae
448 940 523 984 suae,
545 940 559 971 a
578 921 671 986 quibua
681 933 813 972 revocatus
824 925 852 972 iu
864 927 990 989 patriam,

216 1005 261 1059 per
271 1005 336 1055 quoa
346 991 374 1039 in
385 1005 441 1038 arce
457 990 597 1038 collocatus
608 990 698 1049 luerat,
719 1006 772 1038 non
783 991 874 1039 solum
884 992 992 1057 plebem

216 1054 341 1116 accendit,
361 1058 542 1107 verumetiam
557 1054 742 1105 nefandissima
762 1073 885 1123 quaeque
897 1070 991 1126 tyran-

216 1126 287 1174 nicae
298 1122 456 1174 crudelitatis
477 1124 599 1173 exercuit.
630 1124 715 1187 lgitur
731 1126 829 1189 populo
840 1124 877 1174 ad
887 1124 992 1177 concio-

217 1207 278 1241 nem
289 1203 386 1255 nocato,
406 1206 529 1261 nequese
539 1188 689 1254 affuturum
700 1190 818 1257 amplius
835 1196 992 1262 grassanti

215 1260 245 1311 in
262 1258 389 1327 papulum
408 1259 530 1317 senatui,
547 1260 596 1317 ait;
615 1258 827 1309 intercessurum
846 1261 947 1323 etiam,
968 1265 992 1313 si

130 1360 133 1366 f
216 1342 245 1377 m
249 1328 376 1392 pristina
398 1326 517 1378 saevitia
532 1333 703 1393 perseveret:
719 1325 797 1395 quod
818 1327 844 1377 si
854 1344 947 1395 pares
962 1348 992 1382 ae

216 1390 374 1445 crudelitati
383 1404 539 1445 senatorum
549 1392 761 1456 arbitrarentur,
776 1392 918 1446 abiturum
931 1414 991 1448 cam

133 1464 138 1472 “
216 1459 349 1514 militibus
358 1463 425 1523 suis,
446 1478 532 1532 neque
551 1459 679 1515 civilibus
700 1461 845 1513 discordiis
864 1464 991 1531 interfa-

217 1539 317 1581 rurum.
328 1531 377 1580 Sin
388 1548 450 1581 vero
461 1529 587 1595 diffidant
595 1527 697 1580 viribus
703 1531 835 1598 propriis,
846 1533 991 1584 vindictae

217 1596 353 1648 secivium
372 1614 425 1648 non
441 1593 603 1664 defructum·
633 1597 754 1648 Proinde
774 1598 928 1650 consulant
939 1601 989 1652 sibi

216 1661 282 1731 ipsi,
302 1662 414 1714 iubeant
423 1664 519 1714 abire„
565 1679 602 1713 an
622 1664 722 1715 malint
731 1681 832 1716 causae
838 1668 989 1734 popularis

165 1788 170 1792 ,
216 1733 318 1784 socium
328 1749 477 1782 remanere.
507 1733 556 1780 His
566 1731 649 1781 verbis
660 1733 794 1783 sollicitata
804 1733 891 1799 plebs,
913 1752 987 1788 aum·

216 1815 291 1851 mum
300 1796 333 1848 ad
351 1816 413 1848 eum
432 1800 572 1866 imperium
592 1797 685 1848 desert:
705 1811 731 1850 et
743 1799 808 1850 ‘lum
818 1815 929 1852 senatus
940 1820 987 1870 po·

216 1869 310 1918 tentiae
320 1868 447 1926 irascitur,
467 1869 494 1915 in
505 1867 658 1919 servitutem
669 1885 695 1917 ae
707 1869 856 1934 tyrannicae
865 1867 987 1920 domina-

216 1936 294 1986 tionis
305 1951 367 1984 cum
377 1934 529 2000 coniugibus
540 1943 565 1980 et
575 1931 660 1983 liberis
675 1935 765 1984 tradit.
795 1935 883 2002 Igitur
896 1936 986 1988 Clear-

219 2003 282 2052 chus
292 2019 326 2052 nx
334 2014 461 2052 retiatores
472 1999 672 2068 comprehensos
680 2001 753 2066 (nam
764 2005 844 2051 ceteri
855 2007 884 2054 in
896 2005 986 2070 sugam

217 2069 269 2121 dila
288 2072 311 2122 si
330 2073 413 2137 erant)
432 2071 459 2120 in
478 2069 582 2118 vincula
602 2071 753 2134 compingit.
777 2068 881 2122 Laetari
904 2072 986 2139 plebs,

216 2090 311 2205 quoda
325 2138 390 2189 duce
400 2136 563 2204 potissimum
573 2147 737 2196 senatorum,
760 2149 866 2187 senatus
876 2137 984 2188 delere-

215 2218 267 2266 tur,
287 2222 410 2272 rertaque
423 2206 476 2254 rice
487 2203 615 2253 auxilium
626 2219 716 2254 eorum
727 2205 754 2252 iu
763 2207 867 2256 exitium
876 2222 986 2256 conver·

216 2289 275 2323 sum
284 2289 348 2324 esse.
377 2273 480 2338 Quibus
492 2269 556 2319 dum
574 2275 684 2320 martem
694 2273 789 2337 patsim
800 2274 924 2323 omnibus
934 2273 985 2322 mi-

216 2333 302 2402 natur}
314 2342 410 2391 cariora
419 2355 510 2389 eorum
521 2339 603 2402 pretia
614 2339 684 2391 facit:
704 2337 833 2404 siquidem
841 2339 984 2390 Clearchur

215 2423 310 2467 magua
319 2407 437 2470 pecunia,
458 2407 531 2470 quati
549 2406 628 2454 minis
647 2407 738 2470 populi
754 2407 855 2456 occulte
866 2423 910 2457 eoa
923 2406 985 2457 tub·

217 2481 358 2531 tracturus,
378 2483 492 2538 accepta,
517 2472 638 2538 spoliatos
657 2471 782 2534 fortunii,
804 2474 856 2523 rita
876 2489 984 2540 quoque

149 2568 151 2571 -
215 2538 346 2585 toliavit.

126 2623 136 2633 ·
228 2554 246 2604 Ρ
284 2599 358 2650 Car.
372 2599 404 2649 V.
423 2599 536 2666 Cognito
547 2598 655 2664 deinde,
676 2603 747 2669 quod
764 2604 867 2656 bellum
881 2605 934 2657 sibi
950 2605 982 2656 ab

216 2664 257 2725 iia,
276 2667 322 2730 qui
337 2666 511 2733 profugerant,
523 2669 696 2739 misericordia
710 2673 739 2720 in
758 2673 885 2722 auxilium
905 2673 979 2724 salli·
