2075 3000
172 110 469 206 ursroauiavu
493 153 570 206 ms.
590 153 626 206 ιι
748 159 785 217 27
824 216 830 220 .

11 253 103 304 nllert.
141 251 225 318 Igitur
249 253 434 318 Athenienses,
459 257 549 306 audito
567 255 641 305 Darii
663 253 785 316 adventu,

11 321 149 372 nuxilium
168 337 182 368 a
201 319 419 380 Lacedaemoniis,
438 327 575 372 sociatum
593 324 700 379 civitate,
720 322 785 386 peti·

11 397 124 437 verunt.
151 387 233 451 *Quos
243 387 288 436 ubi
299 389 420 438 viderunt
436 389 568 454 quatridui
587 391 669 440 teneri
684 390 787 451 religio·

11 471 61 511 ne,
83 471 138 502 non
150 465 293 518 exspectato
303 457 408 516 arsxssio,
429 457 559 506 instructis
569 457 658 507 deoem
668 455 786 506 millibus
841 466 848 471 ’

11 522 128 580 nivium,
148 532 175 568 et
194 519 385 571 Plataeensibus
404 523 569 610 avaribus
583 526 671 584 mille,
692 525 786 572 silues-

11 604 62 636 sus
74 600 192 636 sexcenta
204 589 285 637 millia
303 589 425 651 hostium,
447 606 473 639 ιιι
494 607 598 657 campos
613 590 786 640 Maratlrouios

11 659 47 706 in
67 655 201 720 proelium
229 656 405 720 egrediuntur.
449 655 578 707 Miltiades
600 668 625 707 et
649 659 704 707 dux
722 655 786 704 belli

13 733 87 778 erat,
109 732 135 788 et
151 721 241 770 auctor
250 723 485 788 rson=exspectaudi
505 726 605 786 auxilii3
627 741 706 790 quem
716 734 786 772 tanta

11 787 111 839 fiducia
125 800 235 854 ceperat,
256 801 285 837 ut
295 791 355 855 plus
365 790 483 856 praesidii
503 793 531 840 iss
547 793 685 852 celeritate,
705 805 786 854 quam

13 858 46 905 iss
58 857 144 914 sociis,
165 855 280 906 claruerat.
315 855 412 922 Magna
431 859 547 925 igitsrrirs
567 857 783 925 pugnamxeurrll·

11 920 67 972 ltus
79 924 194 971 alacritas
205 926 352 973 animorum
364 927 422 984 luit,
439 925 503 976 adeo
513 938 551 984 ut,
571 943 631 976 cum
642 926 716 975 mille
726 939 783 990 pas·

12 989 299 1040 susinterduaaacies
319 1003 409 1054 essent,
429 993 507 1044 citato
524 1005 671 1054 eursuante
689 993 783 1040 iacturas
832 1029 836 1035 ,

11 1058 172 1122 sagittarum
192 1057 225 1106 ad
245 1056 346 1108 hostem
365 1062 493 1110 venerint.
529 1058 710 1108 Neoauslacise
730 1058 784 1105 eius

12 1134 130 1172 eventus
141 1123 236 1172 deluit:
254 1137 401 1188 pugnatum
411 1139 449 1176 est
469 1129 540 1176 enim
551 1137 619 1174 tanta
633 1128 734 1182 virtute,
754 1134 785 1172 ut

12 1189 83 1238 laissa
102 1192 180 1248 siros,
200 1191 260 1238 iude
280 1191 392 1256 pecudes
411 1206 522 1260 putares.
558 1191 626 1242 vieti
647 1192 737 1240 Pemae
756 1192 785 1238 in

11 1273 97 1306 naves
122 1257 306 1322 conlugertsnt3
341 1275 373 1308 ex
395 1261 489 1324 quibus
500 1261 602 1309 multae
627 1273 784 1324 suppressae,

12 1325 116 1373 multae
128 1335 213 1388 captae
225 1337 295 1375 sunt.
331 1325 361 1374 ln
374 1343 404 1374 eo
414 1327 511 1393 proelio
521 1337 590 1374 tanta
600 1327 682 1372 virtus
691 1328 785 1400 siupu-

12 1389 106 1438 lorum
120 1390 177 1448 fuit,
200 1403 234 1449 ut,
254 1394 327 1442 errius
347 1393 403 1448 laus
423 1396 506 1458 prima
526 1403 598 1448 esset,
618 1389 720 1437 difficile
739 1405 784 1435 rn-

13 1455 270 1509 sliciusnuideretur.
306 1459 377 1509 luter
393 1469 590 1509 eeterostasueu
601 1454 785 1506 Themistoclis
858 1500 868 1511 ,

14 1524 187 1575 adolescentis
203 1528 283 1589 gloria
298 1528 410 1583 emicuit,
432 1528 457 1574 in
474 1541 526 1590 quo
541 1527 592 1573 iam
606 1534 670 1571 tuns
684 1520 784 1576 indoles

13 1592 121 1642 litturae
142 1594 319 1655 imperatoriae
336 1592 468 1657 dignitatis
483 1591 612 1657 apparuit.
647 1587 784 1655 Cynaegiri

12 1674 132 1723 qtsoque,
152 1659 242 1707 militis
258 1659 436 1718 Atheniensis,
457 1660 538 1723 gloria
552 1660 656 1722 magnis
670 1659 782 1721 scripto·

12 1740 78 1774 rum
99 1723 219 1787 laudibus
241 1726 364 1774 celebrata
384 1738 434 1786 est3
458 1727 501 1790 qui
512 1736 571 1791 post
588 1724 680 1789 proelii
699 1724 783 1786 iunu-
809 1724 823 1783 J

11 1808 103 1841 meras
115 1790 213 1851 caedes,
234 1808 292 1839 cum
305 1793 432 1857 fugientes
442 1792 528 1841 hostes
544 1790 577 1840 ad
586 1798 665 1841 usses
681 1792 783 1854 egisset,

12 1872 142 1907 onustam
158 1876 250 1909 navem
268 1858 354 1907 dextr-a
370 1876 449 1908 manu
468 1861 560 1917 tenuit,
580 1874 629 1907 nee
647 1858 719 1923 prius
739 1855 783 1904 di·

12 1926 95 1983 misit,
109 1925 187 1988 quani
201 1924 331 1990 [manum]
343 1926 482 1989 amitteret:
502 1939 558 1974 tum
568 1942 670 1990 quoque
686 1939 783 1989 ampu-

13 2004 66 2042 tata
82 1992 180 2051 dextra,
201 2008 294 2062 passm
313 1994 413 2041 sinistra
427 1991 642 2057 comprehendit:
661 2008 740 2056 quam
757 1999 783 2038 et
809 2038 822 2053 ,q
884 1980 898 1993 '

14 2061 101 2124 ipsam
113 2074 174 2107 curn
186 2056 278 2116 amisis,
300 2058 333 2107 ad
341 2070 501 2125 postremum
511 2075 600 2108 morsu
619 2075 712 2107 navem
730 2056 780 2107 de-

14 2128 107 2174 tinuit.
126 2124 235 2173 Tantam
247 2128 274 2173 iu
294 2142 323 2173 eo
339 2130 462 2174 virtutem
473 2127 557 2183 luisse,
576 2138 668 2183 utnon
678 2135 716 2173 tot
725 2138 782 2172 cac·

15 2192 98 2240 ‹libu‘s
109 2191 246 2252 fatigatus,
266 2210 318 2241 non
329 2192 429 2241 ‹luabus
444 2194 564 2241 manibus
577 2193 676 2240 amissis
690 2190 781 2247 ricius,

14 2271 128 2308 truncus
138 2257 172 2306 sd
183 2272 356 2323 posti-emuna*
373 2272 397 2309 et
415 2260 492 2309 veluti
514 2256 602 2314 rabida
612 2258 673 2315 sera,
694 2254 782 2305 denti·

13 2326 67 2375 bus
84 2324 254 2375 dimicares'it.
287 2326 404 2376 Ducenta
423 2328 505 2375 millia
520 2322 613 2372 Persae
627 2339 659 2371 eo
673 2322 781 2389 proelio,

16 2395 76 2441 sine
87 2392 232 2457 naufragio,
254 2396 368 2443 amisere.
400 2388 501 2441 Cecidit
515 2403 540 2441 et
558 2390 673 2456 Hippias,
692 2403 781 2457 tyran-

19 2456 262 2522 nusdtlseniensis,
286 2474 375 2509 auctor
393 2470 419 2508 et
428 2460 543 2507 concitos
567 2459 621 2507 eius
630 2458 701 2522 belli,
721 2458 780 2520 diis,

22 2524 117 2593 patriae
128 2526 270 2585 ultoribus,
289 2544 383 2593 poenas
401 2524 587 2591 repetentibus.
655 2524 660 2529 ’

73 2587 150 2644 Gar.
159 2592 196 2643 X.
220 2594 318 2644 interea
328 2605 353 2643 et
363 2594 467 2659 Darius,
485 2592 658 2642 tumbellam
676 2593 778 2643 instau-
797 2636 801 2640 .
