2075 3000
120 227 126 233 .
205 174 259 231 tto
319 208 381 273 ,a
468 148 668 224 ivsrtui

466 269 692 335 Carrei.

203 374 370 473 Agathocles
380 406 393 481 ',¹
418 406 521 459 Siciliae
541 407 685 475 tyrannus,
715 408 761 473 qui
785 404 975 473 magnitudini
1019 434 1020 441 ι

201 476 294 543 prioris
305 476 426 542 Dionysii
437 478 564 539 successit,
580 477 613 527 ad
624 475 698 544 regni
709 478 875 525 maiestatem
886 475 975 523 exhu·
1019 472 1020 529 ᾖ

200 543 258 593 miii
269 553 296 591 et
306 542 408 593 sordido
419 561 512 611 genere
532 546 659 610 pertenit.
704 544 807 610 Quippc
827 544 858 591 in
882 542 974 591 Sicilia

200 622 271 677 patre
282 610 366 675 figulo
375 624 457 671 natus,
476 630 529 667 non
540 611 714 661 honestiorem
726 611 878 676 pueritiam,
890 625 973 674 quam

201 678 325 743 principia
338 679 445 742 originis
457 678 557 728 habuit.
592 677 728 744 Siquidem
738 677 824 725 formu
833 689 862 726 ct
872 692 972 742 corpo-

193 747 235 794 ·ris
245 743 439 809 pulchritudine
449 747 587 812 egregius,‘
595 743 642 794 diu
653 746 731 795 vitam
746 746 829 811 stupri
846 740 973 810 patientia

202 810 326 865 exhibuit.
360 810 451 862 Annos
462 813 558 862 deinde
570 813 711 879 pubertatis
723 828 850 875 egressus,
876 808 972 859 libidi-

201 895 286 928 nema
302 879 362 928 viris
381 878 414 929 sd
426 880 544 937 ⁴sctuinas
564 880 705 929 transtulit.
748 877 810 927 Post
819 878 885 928 haec
901 874 972 943 apud

201 956 340 1008 utrumque
350 961 441 998 scxum
450 947 572 1006 famosus,
593 948 674 997 vitam
684 945 822 996 latrociniis
844 946 969 995 mutavit.

200 1011 339 1061 Interiectu
350 1023 474 1079 tempore,
493 1029 554 1062 cum
565 1000 702 1081 Syracfisas
722 1015 901 1073 concessisset,
925 1012 970 1061 sd·
1020 1008 1021 1023 ¹

201 1081 330 1143 scitusque
340 1080 367 1127 in
383 1082 514 1131 civitatem
529 1082 602 1145 inter
621 1082 716 1130 incolas
736 1090 810 1140 esset,
836 1078 887 1128 diu
912 1081 969 1128 sinc

200 1144 324 1209 fidefuit,
344 1149 467 1211 qnoniam
489 1164 538 1197 nec
558 1149 586 1197 in
606 1148 715 1199 fortunis
735 1146 806 1212 quod
827 1148 968 1205 amitteret,

200 1211 285 1263 necin
297 1211 450 1264 verecundia
461 1214 533 1279 qnod
543 1216 697 1279 inquinaret,
709 1214 802 1263 habere
814 1212 967 1277 videbatur3

199 1281 509 1348 iasumms,'grcgarism
518 1284 638 1345 militiam
661 1283 773 1342 sortitus,
803 1298 859 1329 non
877 1282 967 1329 minus

201 1356 264 1397 tunc
271 1344 396 1408 seditiosa,
417 1366 496 1414 quam
505 1360 579 1400 antes
590 1352 660 1416 turpi
676 1350 737 1408 vita,
764 1350 792 1396 iu
807 1364 884 1396 omne
904 1346 967 1397 faci-

200 1430 251 1464 nus
261 1415 450 1481 promtissimus
460 1427 523 1465 erat.
558 1416 626 1467 Nam
643 1427 668 1465 et
683 1432 763 1471 mauu
781 1427 925 1475 strenuus,
942 1425 966 1462 et

201 1481 229 1531 in
240 1482 409 1534 concionibus
417 1484 592 1552 perfacundus
604 1482 754 1536 irritabatur.
788 1482 868 1532 Brevi
878 1484 965 1548 itaque

200 1551 325 1609 centurio,
350 1567 378 1599 ac
397 1551 519 1619 deinceps
539 1552 659 1603 tribunus
677 1545 897 1602 miiitum'factus
918 1562 964 1598 est.

200 1614 289 1664 Primo
299 1615 369 1666 helio
380 1619 501 1669 adversus
510 1617 623 1670 Aetneos
633 1637 727 1686 magua
743 1620 918 1685 experimenta
923 1618 962 1666 sni

200 1681 366 1748 Syracusanis
377 1684 460 1735 dedit.
495 1687 620 1752 Sequenti
631 1685 842 1752 Campanorum,
862 1695 960 1734 tantam

199 1746 232 1798 de
243 1766 269 1798 se
280 1765 354 1816 spem
365 1753 486 1802 omuibus
501 1756 570 1816 fecit,
586 1755 651 1804 utin
662 1755 748 1804 locum
759 1753 890 1802 demortui
907 1750 959 1800 du-

185 1818 235 1868 .cis
247 1817 416 1868 Damasconis
426 1822 596 1872 sufficeretur.
631 1821 712 1871 Cuius
728 1837 836 1870 uxorem
856 1818 958 1868 adulsc-

198 1884 237 1932 rio
248 1884 380 1950 cognitam
391 1898 449 1952 post
460 1889 578 1940 'mortem
587 1889 672 1940 viriin
683 1888 880 1938 matrimonium
889 1901 957 1935 rece·

197 1951 244 2016 pit.
279 1951 333 2004 Nec
348 1964 497 2017 contentus,
530 1954 601 2020 quod
621 1952 651 2005 ιε’
666 1957 742 2020 inope
760 1965 867 2022 repente
887 1952 956 2002 diret

198 2019 281 2068 factus
304 2033 389 2080 esset,
413 2023 548 2088 piraticam
566 2019 688 2078 adversus
708 2023 817 2087 patriam
838 2021 957 2069 exercuit.

198 2083 285 2138 Saluti
301 2090 324 2136 ei
335 2088 393 2150 suit,
414 2088 484 2153 quod
493 2092 556 2140 socii
566 2090 631 2157 capti
642 2091 699 2140 torti
720 2105 760 2151 ue,
780 2087 813 2138 de
823 2089 870 2137 iilo
880 2103 957 2152 nega-

199 2166 300 2203 terunt.
345 2154 387 2203 Bis
410 2171 536 2223 occupare
556 2158 696 2224 imperium
729 2171 897 2222 pracusaruut
915 2171 957 2207 ro·

197 2219 260 2270 luit:
276 2221 353 2271 bisin
364 2224 481 2272 exsilium
492 2236 562 2273 actus
574 2236 620 2274 est.

267 2286 344 2340 Car.
365 2289 400 2340 tt.
419 2287 727 2358 AMurgantinia‚·apud
745 2287 955 2359 quoscxsnlabat,

199 2350 259 2402 odio
269 2353 501 2420 Syracusanorum,
522 2361 608 2424 primo
616 2354 726 2424 praetor,¹
747 2375 809 2408 mox
819 2356 873 2407 dux
883 2372 955 2406 crea-

198 2431 249 2467 tur.
284 2421 314 2469 ln
326 2438 357 2469 eo
367 2421 436 2471 bello
445 2434 472 2472 et
482 2423 572 2474 urbem
583 2423 771 2476 Leontinorum
783 2427 859 2491 capit,
874 2435 898 2473 et
907 2423 960 2490 ps·'

101 2536 110 2544 ,
198 2487 274 2533 triam
283 2503 357 2536 susm
368 2487 507 2554 Syracusas
517 2489 635 2540 obsidere
645 2494 742 2559 coepit:
754 2491 788 2542 ad
797 2494 870 2541 cuius
881 2493 953 2540 auxi·

197 2550 265 2598 lium
275 2553 415 2616 Hamilcar,
426 2555 479 2605 dux
490 2557 645 2618 Poenorum,
657 2562 818 2626 imploratus,
833 2556 953 2624 depositis

197 2613 331 2667 hostilibus
346 2620 420 2683 odiis,
439 2623 565 2688 praesidia
585 2626 703 2677 miiitum
721 2628 811 2677 mittit.
845 2627 884 2677 Ita
901 2642 952 2675 uno

155 2689 160 2699 ‘
193 2682 339 2751 veodemque
350 2685 610 2757 temporeS'yracusae
621 2705 647 2749 ct
657 2694 688 2746 ab
698 2694 780 2764 hoste,
790 2695 862 2754 cirili
872 2709 953 2749 amors
