2075 3000
161 220 464 279 nrs'rontnuvrr
483 222 651 311 numqui,-
735 224 821 291 ³16Y
901 182 904 191 ¹

13 330 148 383 dendas
166 332 283 381 virorum
301 329 423 397 pecunias
435 338 548 394 torquet.
579 326 649 379 Cum
663 326 810 386 his'artibns

13 418 90 468 per
102 414 184 449 annos
193 414 238 446 sex
246 408 385 462 regnasset,
391 397 578 461 conspiratione
594 393 737 444 Locrorum
746 398 810 446 ciri·

13 479 95 525 tate
104 467 205 531 pulsus,
226 466 254 514 in
275 465 391 513 Siciliam
408 461 487 513 redit.
516 464 557 513 lbi
569 462 704 530 Syracusas
715 467 809 515 securis

13 535 182 595 omnibus,
206 542 264 598 post
283 532 390 597 longam
417 529 639 597 intercapedinem
656 530 738 597 pacis,
763 548 811 599 per
859 550 861 557 ’

13 598 222 669 proditionem
232 599 331 663 recipit.
623 646 627 655 ,

97 707 99 710 .
112 666 189 718 Cur.
200 664 246 715 IV.
265 667 339 715 Dum
350 665 414 715 haec
423 668 450 715 in
464 668 552 717 Sicilia
562 679 695 734 geruntur,
706 668 810 717 interim

17 739 70 787 in
80 732 173 784 Africa
179 735 299 800 princeps
309 732 562 799 Carthaginiensium
569 736 661 785 Hanno
671 750 731 801 opes
742 752 809 796 siras,

24 802 143 869 quibus
154 804 221 851 vires
238 796 396 873 r'eijrnblicae
416 797 566 867 superabat,
587 800 618 852 ad
634 800 810 869 occupandam

24 868 215 920 donationem
228 867 351 926 intendit,
367 884 529 935 regnumque
549 868 679 929 invadere,
699 871 809 919 interse-

34 948 84 986 cto
93 947 199 996 senatu,
209 947 316 990 conatus
326 947 375 1003 ert¹
403 935 453 986 Cui
462 938 554 986 sceleri
563 938 698 989 solennem
704 938 811 1003 nuptia·

35 1021 107 1055 rum
116 1002 190 1053 tliem
199 1004 266 1051 tiliae
276 1018 338 1065 suae
347 1002 419 1069 legit,
441 1016 471 1052 ut
481 1004 605 1069 religione
617 1018 746 1065 votorum,
762 1020 813 1053 ne·

37 1071 125 1121 fanda
146 1080 292 1119 commenta
311 1068 410 1119 facilins
434 1082 590 1134 tegerentur.
627 1070 717 1137 Itaque
742 1069 812 1138 plebi
916 1114 918 1125 ,

38 1138 137 1206 epulas
158 1138 186 1185 in
208 1137 316 1203 publicis
334 1137 488 1202 porticibus,
508 1140 608 1200 senqtui
628 1140 656 1187 in
676 1139 754 1188 dom'o
767 1155 813 1189 sne
885 1184 890 1190 .

37 1218 129 1273 parat,
149 1216 180 1253 ut
189 1204 289 1269 poculis
302 1220 402 1253 veneno
422 1205 533 1264 insectis,
552 1206 674 1255 secretins
685 1217 812 1264 senatum,

41 1284 68 1321 et
79 1273 141 1322 sine
153 1270 267 1331 arbitris,
287 1272 455 1332 interficeret,
475 1272 616 1338 orbnrnqne
626 1272 813 1338 rempublicam
860 1269 865 1278 “

37 1340 149 1390 facilins
160 1338 301 1390 invaderet,
317 1339 376 1403 Qun
386 1356 413 1389 re
422 1332 613 1404 magistratibus
625 1356 671 1405 per
679 1340 812 1387 ministros
891 1361 900 1367 ⁵

38 1407 159 1474 prodita,
178 1406 263 1455 scelut
279 1404 447 1469 declinatum,
467 1423 521 1455 non
543 1404 703 1457 vindicatum
714 1417 759 1467 est,
778 1421 828 1454 ne·
855 1430 883 1474 '.
932 1450 934 1457 .

38 1479 71 1527 in
82 1476 143 1541 viro
162 1484 216 1523 tam
234 1473 333 1540 potenti
342 1476 402 1539 plus
426 1474 525 1540 negotii
543 1474 686 1524 iaceretrer
702 1471 812 1539 cognita,
931 1508 934 1516 s

40 1559 128 1609 quam
144 1543 261 1606 cogitata.
291 1539 412 1590 Contenti
433 1543 518 1606 itaque
537 1540 690 1604 cohibuisse,
711 1537 813 1590 decreto
882 1587 885 1591 .

40 1609 162 1660 modum
171 1609 322 1674 nuptiarum
340 1607 469 1658 sumtibus
478 1619 610 1674 statuuut3
630 1610 709 1676 idque
719 1605 814 1658 obser·

40 1679 101 1727 vari
111 1693 166 1725 non
176 1674 209 1723 ab
229 1692 289 1736 nno,
309 1676 357 1726 sed
374 1675 406 1724 ab
426 1677 559 1741 universis,
583 1677 685 1740 iubent,
707 1692 826 1743 neper··

41 1762 110 1795 sona
132 1743 275 1806 designata,
295 1741 341 1791 sed
359 1745 422 1794 vitia
441 1756 553 1796 correcta
563 1744 724 1796 viderentur.
757 1741 815 1792 Hoc
863 1762 869 1773 ¹

42 1811 156 1860 consilio
164 1821 331 1876 praeventus,
350 1809 445 1859 iterum
456 1814 558 1862 servitia
568 1815 685 1872 concitat,
705 1821 814 1862 statuta-

42 1895 100 1943 que
109 1893 200 1926 rnrsns
210 1874 330 1926 caedium
349 1876 398 1938 die,
419 1894 480 1927 cnm
490 1879 579 1930 denno
588 1898 614 1930 se
624 1874 756 1947 proditum
768 1879 813 1928 Υἱὲ
858 1905 863 1922 ι

41 1946 128 2007 deret,
148 1946 243 1994 timens
264 1944 398 2004 iudicium,
418 1949 552 1998 munitum
572 1948 706 2012 quoddam
726 1945 815 1993 castel-

42 2017 105 2062 lum
117 2027 181 2061 cnm
191 2013 284 2076 viginti
293 2012 416 2067 'millibus
435 2031 572 2064 servornm
581 2015 685 2062 armatis
696 2023 812 2076 occupat.

44 2081 88 2131 Ibi
98 2077 167 2128 dum
178 2078 260 2136 Afros
278 2095 419 2145 regemque
433 2082 587 2131 Maurorum
597 2081 716 2137 concitat,
737 2081 812 2142 capi·
834 2103 841 2116 ν

45 2158 101 2208 tur,
121 2148 253 2212 virgisque
264 2161 360 2208 caesus,
375 2149 465 2196 ‘effosis
476 2148 565 2209 oculis,
586 2158 610 2196 et
619 2144 740 2196 manibus
751 2160 814 2192 cru·
890 2139 893 2153 ⁴
942 2167 945 2175 ,

45 2213 174 2278 ribusque
183 2213 277 2272 fractis,
289 2215 361 2262 velut
371 2231 385 2263 n
395 2214 502 2280 singulis
511 2213 636 2262 membris
646 2227 744 2278 poenae
755 2213 814 2263 exi·

46 2292 179 2346 gerentur,
199 2278 226 2329 in
235 2293 377 2346 conspectu
387 2282 477 2347 populi
487 2279 627 2344 occiditnr;
648 2295 741 2344 corpus
754 2296 814 2328 ver-

45 2349 153 2398 beribus
162 2350 278 2398 lacerum
287 2350 315 2397 in
326 2364 402 2397 cruce
413 2349 511 2414 ligitur.
531 2348 592 2398 Filii
603 2363 706 2413 qnoque
717 2362 814 2413 cogna-

47 2416 121 2479 tique
130 2430 230 2476 omnes,
248 2416 328 2464 etiam
343 2415 455 2476 innoxii,
474 2415 602 2482 supplicio
613 2413 760 2475 traduntur,
779 2430 813 2463 ne

48 2483 241 2546 qnisquamaut
254 2481 288 2530 ad
299 2483 458 2532 imitandum
476 2483 570 2544 scelus,
591 2495 635 2534 sut
654 2481 687 2532 nd
701 2492 813 2532 mortem

49 2547 236 2611 ulciscendam,
248 2565 281 2598 ex
293 2549 455 2599 tamnesaria
466 2549 708 2617 domosuperetset.
894 2609 896 2620 ‚

118 2613 241 2685 uinis.
260 2615 361 2666 Interea
376 2616 516 2684 Dionysius
537 2617 669 2684 Syracusis
688 2628 813 2682 receptus,
841 2674 846 2685 ι

50 2696 113 2733 cnm
122 2684 223 2748 gravior
233 2683 414 2748 crudeliorquc
424 2686 451 2734 in
462 2684 516 2734 dics
527 2685 621 2736 civitati
633 2696 708 2746 esset,
723 2685 820 2733 iterata.

53 2751 239 2815 conspiratione
249 2749 388 2800 obsidetur.
416 2751 492 2804 'l'nnc
501 2749 619 2820 deposito
635 2749 753 2820 imperio,
772 2763 813 2798 ar·
