2075 3000
190 208 194 214 '
224 210 279 266 122
418 238 421 242 -
505 196 700 253 IVSTINI

220 305 285 355 teria
302 300 421 371 plurimis
430 302 487 353 fuit
522 300 658 368 Siquidem
668 317 720 350 non
739 298 836 365 mag'no
848 308 914 365 pust
931 308 993 347 tetu-

220 387 292 438 pore,
312 372 480 436 quaslregna,
500 386 552 419 non
572 370 751 435 praefecturas,
772 368 943 427 divisissent,
964 368 994 415 sit

220 454 297 502 reges
306 454 337 487 ex
345 438 479 504 praefectis
490 438 557 497 facti,
568 452 675 499 magnas
686 451 747 503 opes
758 432 879 483 nonsibi
887 442 993 485 tantun

218 516 380 573 paraverunt,
388 522 482 555 ,rerum
492 506 567 553 etiam
578 503 688 569 posteris
698 503 869 567 reliquerunt.

288 572 365 630 Cle.
385 572 419 622 V.
454 572 525 620 Dum
546 570 607 619 haec
627 572 655 619 in
678 566 785 618 Oriente
805 578 939 633 aguntur,
970 566 993 615 in

219 636 326 687 Graecia
336 636 502 687 Athenienses
513 648 539 686 et
549 636 633 686 Aetoli
646 636 754 696 bellum,
774 633 915 701 quodiam
934 636 992 684 viro

218 701 366 753 Alexandro
385 716 536 762 moverant,
550 706 666 754 stunmis
688 704 785 768 viribus
810 702 989 751 instruebant.
1023 720 1024 795 p

150 775 155 788 ⁹
219 768 317 821 Causae
337 771 400 820 belli
421 780 500 833 erant,
521 772 591 836 quod
610 778 727 820 reversus
738 769 771 819 ab
785 766 862 822 India
872 767 989 818 Alexan·
1023 804 1024 833 ,

192 825 201 844 ⁸
217 834 275 896 cler,
289 838 444 903 epistolasin
456 838 594 888 Graeciam
603 839 745 901 scripserat,
757 834 849 901 quibus
862 836 988 885 omnium
1023 842 1024 889 l

217 897 364 953 ciuitatium
373 905 478 966 exsules,
498 916 600 970 praeter
618 904 702 953 caedis
721 903 844 964 damnati,
865 904 987 950 restitue·
1023 890 1024 945 l

176 984 179 987 ’
218 968 324 1019 bantur.
353 972 427 1035 Quae
447 972 565 1021 recitatae
585 984 719 1037 praesente
735 972 854 1019 universa
867 966 986 1029 Graecia,

218 1035 248 1084 in
272 1046 388 1083 mercatu
410 1034 577 1101 Olympiaca,
606 1055 714 1103 magnos
739 1048 825 1087 motus
846 1034 984 1097 ‘lecerunt3

219 1100 290 1167 quod
299 1104 407 1169 plurimi
417 1120 469 1151 non
480 1104 580 1168 legibus
590 1106 657 1171 pulsi
668 1108 756 1170 patria,
776 1103 821 1153 sed
831 1119 880 1169 per
890 1102 985 1151 sactio-

218 1186 280 1219 nem
292 1171 440 1236 principum
459 1171 574 1230 lucranti
594 1172 740 1221 verentibus
751 1169 841 1219 iisdem
851 1170 984 1238 principi·
1023 1166 1024 1237 ,

217 1234 275 1298 bns,
295 1254 328 1284 ne
338 1238 449 1285 revocati
462 1238 620 1301 potentiores
631 1238 658 1285 in
669 1237 799 1303 republica
810 1239 911 1285 sterent.
933 1236 983 1285 Pa-

128 1299 142 1311 ‘
217 1303 272 1353 lam
282 1304 361 1367 igitur
371 1305 423 1353 iam
433 1314 495 1352 tunc
510 1305 608 1353 multae
628 1305 740 1352 civitates
752 1302 900 1352 libertatem
912 1303 980 1351 bellu

158 1405 165 1430 ¹-
218 1368 400 1421 vindicandam
418 1368 577 1423 sremebahta
599 1370 730 1436 Principes
751 1382 836 1419 tamen
856 1370 978 1419 omnium
1023 1400 1024 1423 ,

220 1435 389 1489 Athenienses
409 1449 434 1485 et
453 1437 537 1487 Aetoli
548 1439 636 1491 fuere„
667 1436 744 1505 Quod
755 1448 816 1486 cum
826 1439 977 1485 nuntiatum

217 1501 366 1554 Alexandro
378 1519 450 1565 esset,
470 1508 542 1555 mille
565 1504 653 1556 naves'
664 1500 755 1572 longas
766 1505 840 1554 sociis
855 1503 977 1570 imperari

217 1583 389 1637 praeceperat,
404 1573 497 1636 quibus
507 1574 533 1620 in
547 1571 688 1624 Occidente
698 1573 920 1636 bellumgereret3
938 1587 977 1620 ex·

219 1651 391 1702 cursurusqtte
418 1655 480 1687 cum
502 1639 588 1688 valida
607 1657 687 1690 manu
707 1640 790 1689 suerat
803 1633 841 1686 τιὰ
861 1635 975 1686 Athenas
1023 1695 1024 1700 ¹

220 1699 349 1771 tlelendas.
374 1704 458 1767 Igitur
466 1704 646 1766 Athenienses,
663 1717 792 1766 contracto
802 1721 852 1754 xxx
861 1706 975 1754 millium

219 1771 346 1828 exercitu,
367 1781 392 1817 et
402 1786 432 1818 cc
442 1771 563 1833 navibus,
583 1774 680 1824 bellum
692 1790 752 1822 cum
764 1773 914 1839 Antipatro,
936 1773 974 1820 cni

218 1835 327 1886 Graecia
338 1849 405 1884 sorte
425 1849 551 1898 evenerat,
573 1853 680 1902 gerunt3
701 1855 812 1904 eumque
832 1839 975 1888 detrectan-

219 1913 272 1951 tem
286 1902 423 2016 proelium,
445 1913 470 1953 et
480 1895 616 1954 Heracleae
627 1909 697 1957 urbis
717 1905 856 1962 moenibus,
864 1915 975 1954 tuentem

217 1985 255 2029 se,
275 1987 291 2018 ο
309 1967 407 2018 sidione
428 1972 544 2035 cingunt.
579 1973 679 2027 Eodem
698 1985 813 2039 tempure
825 1971 975 2021 Demosthe·

219 2052 267 2085 nes
276 2033 442 2086 Atheniensis
455 2049 553 2098 orator,
573 2041 662 2106 pulsus
673 2041 763 2108 patria,
772 2039 815 2088 cb
825 2041 922 2088 crimen
933 2054 975 2087 ac-

221 2105 288 2168 cepti
310 2104 342 2153 ab
362 2103 475 2170 Harpalo
494 2107 557 2168 auri,
578 2108 629 2172 qui
641 2101 819 2158 crudelitatem
838 2105 974 2155 Alexandri

219 2169 330 2234 fugerat,
342 2170 412 2236 quod
423 2173 554 2222 civitatem
565 2175 592 2222 in
603 2174 719 2225 eiusdem
728 2171 870 2222 Alexandri
880 2171 973 2219 bellum

219 2237 374 2302 impelleret,
390 2239 456 2288 sorte
476 2239 590 2304 Megaris
611 2241 754 2291 exsulabat:
774 2242 819 2303 qul
830 2251 860 2289 ut
868 2239 973 2287 missum

221 2302 254 2351 ab
265 2301 467 2362 Atheniensibus
480 2307 642 2372 Hyperidem·
658 2310 776 2371 legatum
785 2305 908 2374 cognorit,
929 2303 971 2368 qni

224 2365 434 2434 Peloponnenses
454 2374 482 2421 in
501 2379 650 2424 societatem
669 2389 801 2424 armorum
821 2371 969 2430 sollicitaret,

158 2442 161 2445 '
217 2448 319 2485 secutus
329 2453 398 2495 eum,
418 2436 538 2504 Sicyone,
561 2438 645 2506 Argus
655 2454 680 2490 et
690 2438 852 2501 Corinthum,
871 2449 967 2486 ceteras·
1023 2469 1024 2498 3

217 2503 412 2564 que-civitates,
433 2494 578 2569 'eloquentia
599 2523 645 2556 sua
663 2503 868 2572 Atheniensibus,
883 2504 964 2556 iuux'it.

218 2565 261 2615 0b
280 2566 352 2633 qnod
370 2567 482 2629 factum,
502 2573 580 2621 missa
600 2571 631 2622 ab
651 2571 854 2622 Atheniensibus
872 2569 965 2620 obviarn
1023 2619 1024 2634 2

216 2649 295 2693 nave,
320 2632 352 2684 ab
371 2637 460 2684 exsilic
481 2649 624 2688 revocatur.
668 2639 779 2702 interim
797 2641 824 2688 in
845 2633 966 2688 obsidiont'
1023 2635 1024 2696 ξ

216 2697 363 2765 Antipatri,
382 2699 556 2767 Leosthenes,
580 2693 634 2756 dih
652 2703 871 2769 Atheniensium,
889 2705 935 2756 telo
953 2701 975 2750 t*
