2075 3000
188 193 489 267 msr‘ontsnru
508 194 586 248 nm.
617 195 721 248 xxxt
790 206 847 261 sto

72 297 196 351 adversis
206 297 327 360 secunda,
349 299 532 363 cogitantem*
549 299 634 366 Igitur
653 315 715 350 cum
733 301 787 349 tota
806 298 847 350 die

78 367 364 433 incculisprincipum
375 366 504 432 legatique
512 367 636 430 Romani,
662 368 690 417 in
706 366 762 416 foro
782 362 848 423 Car-

78 434 289 500 thaginiensium
300 433 449 482 obversatus
460 435 488 484 in
504 451 656 500 supremum
675 434 772 496 inisset,
794 445 846 500 ap·

97 504 273 568 ropinquante
284 516 387 566 vespere
398 517 495 564 equum
506 501 672 562 conscendit,
698 512 724 550 et
742 517 788 552 rus
804 517 847 550 ur·

72 619 75 624 ,
96 583 191 631 amun,
212 568 397 634 quodpropter
412 569 475 618 litus
494 569 574 629 maris
593 567 720 632 habebat,
750 568 848 632 ignaris

61 638 182 695 2oervis,
213 637 338 699 iussisque
358 633 392 684 ad
410 647 511 701 portam
530 647 704 686 revertentem
723 636 848 701 opperiri,

80 703 227 754 contendit.
261 703 377 753 Habebat
394 702 429 752 ibi
445 721 524 754 nares
545 719 608 752 cum
626 702 776 768 remigibus,
802 717 848 750 oo-

78 773 154 820 culto
165 772 224 820 sinu
233 771 316 818 litoris
327 769 499 820 absconditas:
520 782 574 821 erat
589 783 615 820 et
624 769 730 836 grandis
739 770 847 834 pecunia
870 780 872 783 ·

78 838 106 888 is
119 854 152 886 eo
163 853 225 900 agro
234 846 393 903 praeparata,
407 846 444 898 ut,
465 853 528 887 cum
536 853 577 886 res
587 837 725 902 exegisset,
750 852 799 887 nec
809 835 847 884 sa·

78 905 275 968 cultassugam,
295 919 343 952 nec
354 904 448 969 inopia,
468 916 623 954 moraretur.
667 902 745 952 Lecta
768 904 848 966 igitur

78 987 219 1023 servorum
233 971 380 1030 iuventute,
403 987 516 1034 quorum
533 972 635 1036 copiam
645 972 797 1022 Italicorum
807 987 849 1018 ca*

77 1039 217 1106 ptirorum
234 1054 358 1086 numerus
369 1038 486 1102 augebat,
510 1055 604 1088 narem
614 1038 769 1096 conscendit,
788 1030 869 1084 curs

11 1167 13 1171 v
78 1121 194 1168 samque
206 1103 239 1154 ad
259 1101 419 1154 Antiochum
439 1103 552 1170 dirigit„
576 1105 678 1155 Postera
697 1103 739 1154 die
759 1103 848 1153 civitas

80 1173 229 1238 principem
239 1187 325 1229 suum,
346 1185 375 1218 ac
385 1181 443 1220 tum
453 1171 574 1236 temporis
585 1174 727 1230 consulem,
746 1168 847 1218 insero

10 1282 13 1307 3
80 1239 252 1304 exspectabat.
300 1239 385 1305 Quem
404 1250 433 1287 ut
452 1236 612 1305 profectum
631 1239 779 1291 nuntiatum
800 1246 846 1296 est,

80 1323 134 1362 nou
148 1307 229 1363 aliter,
241 1307 351 1369 quamsi
367 1303 427 1354 urbs
438 1317 510 1370 capta
523 1310 604 1364 esset,
623 1320 714 1354 omnes
734 1301 847 1368 trepida·

79 1391 152 1435 vere,
168 1373 357 1436 exitiosamque
367 1370 416 1420 sibi
425 1372 514 1436 fugam
525 1373 580 1420 eins
589 1371 697 1422 cnunati
706 1379 776 1418 sunt.
797 1371 846 1420 Le-
888 1426 892 1429 ¹
914 1430 917 1435 1

80 1453 158 1507 gatus
169 1457 228 1489 vero
238 1439 379 1503 Romanus,
398 1440 470 1504 quasi
480 1437 581 1487 bellum
598 1439 652 1489 iam
671 1438 775 1496 illatum
795 1438 847 1486 lta·

78 1510 129 1559 liae
141 1508 173 1557 ab
184 1506 326 1571 Hannibale
347 1518 431 1569 essct,
456 1506 548 1557 tacitus
565 1508 674 1560 Romam
692 1502 847 1568 regreditur,

80 1574 267 1643 trepidumque
279 1576 401 1625 nuntium
410 1572 495 1623 refert.
855 1603 857 1607 ι

153 1640 229 1691 CAr.
242 1642 291 1691 lll.
312 1640 575 1695 [nterimin‘Graecta
590 1641 763 1700 Flamininus,
776 1639 847 1699 ,iun-

82 1719 124 1761 cta
133 1726 195 1759 cum
205 1707 361 1773 quibusdam
372 1707 516 1759 civitatibus
526 1709 652 1768 societate,
661 1707 791 1759 Nabidem
802 1718 848 1772 ty-

82 1783 197 1831 rannunl
206 1776 308 1825 duobus
318 1778 446 1825 continuis
456 1776 562 1840 proeliis
572 1774 682 1840 subegit,
699 1786 725 1824 et
734 1774 847 1840 graviter
909 1814 919 1825 .

82 1842 201 1905 fractum,
224 1845 296 1893 velut
307 1860 477 1907 exsanguem,
495 1844 522 1889 in
532 1858 615 1905 tegno
631 1843 747 1907 reliqttit·
793 1838 847 1890 Sed

82 1910 198 1961 libertate
210 1910 333 1961 Graeciae
348 1909 477 1969 restituta,
505 1906 671 1972 deductisque
687 1910 718 1959 ab
737 1906 847 1960 urbibus

80 1977 224 2046 praesidiis,
246 1987 307 2035 cum
317 1973 448 2033 Romanus
460 1978 586 2031 exercitus
596 1976 624 2023 in
633 1975 736 2023 ltaliam
750 1990 846 2039 repor-

83 2056 148 2097 tatus
159 2052 232 2106 esset,
252 2044 413 2095 velutracua
432 2058 522 2099 rursus
541 2042 699 2106 possessione
719 2040 844 2095 sollicita-

83 2124 132 2172 tut,
148 2112 244 2161 multas
255 2110 367 2160 civitates
377 2110 512 2173 repentino
523 2107 591 2155 bello
602 2109 705 2157 invasit.
742 2104 846 2171 Quibus

84 2179 162 2231 rebus
172 2179 285 2235 exterriti
298 2174 406 2235 Achaei,
422 2192 455 2223 ne
468 2174 584 2233 vicinum
597 2174 700 2223 malum
718 2172 797 2235 etiam
812 2172 846 2222 ad

84 2264 111 2298 se
121 2238 244 2314 serperet,
273 2244 375 2295 bellum
404 2238 675 2301 adversusNabidem
695 2239 846 2308 decernunt,

86 2312 176 2369 ducem
198 2331 230 2363 ue
245 2323 390 2379 praetorem
406 2326 484 2362 suum
504 2308 747 2373 Philopoemenem,
775 2306 845 2355 insi-

87 2385 141 2449 gnis
150 2332 291 2433 industriae
303 2382 396 2439 virum,
414 2372 585 2435 constituunt:
604 2375 676 2423 cuius
688 2376 715 2425 in
727 2391 757 2426 eo
775 2372 847 2421 bello

87 2460 153 2501 tanta
164 2452 245 2501 virtus
256 2449 356 2507 enituit,
375 2456 404 2509 ut
423 2445 544 2510 opinione
559 2443 680 2491 omnium
697 2440 846 2493 Flaminino
888 2499 892 2501 Y

87 2518 199 2569 Romano
211 2510 360 2581 imperatori
370 2508 569 2577 compararetur.
614 2508 715 2559 Eodem
730 2519 846 2575 tempore
876 2525 879 2530 ’

27 2608 32 2611 ·
87 2584 230 2645 Hannibal,
249 2598 312 2633 cum
331 2578 363 2630 ad
382 2577 546 2631 Antiochum
564 2578 740 2643 pervenisset,
768 2574 843 2623 velut

88 2649 193 2715 deosum
202 2666 297 2701 munus
308 2648 446 2713 excipitur:
466 2656 602 2709 tantusque
613 2646 667 2693 eins
681 2644 794 2693 adventu
804 2656 842 2705 ar-
864 2688 866 2691 .

88 2716 132 2770 dor
141 2718 233 2772 enirm
243 2718 312 2783 regis
322 2715 433 2781 accessit,
451 2724 481 2765 ut
492 2728 546 2764 non
557 2723 611 2767 tarn
620 2710 654 2764 de
664 2710 747 2772 bello,
766 2724 843 2777 quam
