2075 3000
233 55 271 118 45
377 77 413 126 -,
518 7 751 104 rvsrmr.

235 160 369 216 strennum.
386 157 480 210 amisso
499 153 645 215 Hamilcare
663 153 819 221 imperatore
828 166 894 204 enm
905 148 1002 202 exord·

234 237 273 292 tu,
293 225 478 292 aliquantisper
488 222 608 286 quievere
619 221 691 272 victi.

239 336 242 348 ,
302 289 374 343 Cae.
384 289 433 342 Ill·
456 289 545 340 Medio
565 299 683 354 tempore
698 303 758 338 cum
769 287 885 352 Rhegini
896 287 999 336 discor·

235 359 278 410 (lia
287 357 442 417 laborarent,
463 359 602 420 civitasque
621 371 669 421 per
678 356 868 406 dissensionem
879 355 968 404 divisa
976 354 1000 402 iu

235 426 299 476 diras
308 437 391 494 partes
401 435 465 474 esset
475 444 482 488 3
503 423 617 472 veterani
634 422 667 470 ab
677 423 755 473 altera
766 433 839 489 parte
848 421 882 471 ab
893 423 1000 470 Himera

235 494 400 545 inauxilium
420 493 511 552 vocati,
531 490 613 555 pulsis
635 491 745 549 civitate,
766 500 853 538 contra
869 491 1000 553 quasim-

234 560 328 626 plorati
337 559 447 619 fuerant,
470 569 495 607 et
513 572 574 604 mox
585 559 672 615 caesis,
693 556 786 620 quibus
794 557 914 604 tulerant
924 555 1000 605 auxi·

173 621 176 628 ¹
234 630 309 690 lium,
330 625 421 676 urbem
431 641 491 675 cum
507 623 663 688 coningibus
673 635 698 672 et
707 622 794 672 liberis
807 624 944 672 sudorum
960 637 999 669 oo·

235 709 373 760 cupavere3
394 695 448 743 ausi
459 692 558 740 lacinus
573 691 639 738 nulli
649 702 758 756 tyranno
777 687 998 756 comparandum:

235 761 330 826 quippe
342 772 372 809 ut
379 759 503 824 llheginis
513 759 609 806 melius
618 758 697 806 feeerit
706 759 783 820 vinci,
803 774 887 821 quam
892 757 997 815 uicisse.

232 827 301 880 Nam
316 828 367 876 sive
384 825 522 876 victoribus
538 826 689 890 captivitatis
705 826 759 873 iure
771 823 924 884 servissent,
946 825 999 872 sire

233 892 322 944 amissa
332 895 415 959 patria
425 895 540 943 exsulare
551 891 822 951 necessehahuissent,
842 907 898 939 non
910 903 995 941 tamen

233 960 298 1009 inter
309 977 363 1009 atus
373 970 398 1010 et
416 960 510 1027 patrios
530 958 597 1008 iares
607 957 737 1018 trucidati,
757 957 950 1007 crudelissimis
960 969 995 1022 ty-

233 1029 319 1076 raonis
329 1026 508 1092 patriamcum
519 1026 671 1091 coningibus
681 1042 710 1074 ac
719 1026 806 1075 liberis
820 1026 950 1090 praedam
959 1041 994 1072 re·

233 1094 375 1158 liquissent.
411 1089 569 1143 Catinienses
593 1098 710 1157 quoque,
733 1109 795 1142 cnm
820 1091 993 1157 Syracusanos

234 1177 322 1226 graves
342 1172 496 1226 paterentur,
519 1159 595 1208 diffisi
614 1161 712 1209 viribus
731 1162 793 1219 suis,
813 1159 946 1208 auxilium
965 1157 993 1207 ab

233 1226 432 1278 Atheniensibus
443 1228 567 1296 petivere:
586 1226 641 1290 qui,
661 1242 707 1275 seu
726 1227 812 1276 studio
823 1227 930 1276 maioris
942 1229 993 1275 im·
1022 1234 1024 1283 l

234 1296 305 1360 perii,
325 1311 376 1359 quo
397 1295 484 1344 Asiam
507 1293 691 1357 Graeciamque
711 1297 813 1359 penitus
832 1303 993 1359 occuparent,

234 1377 283 1412 seu
289 1373 361 1410 metu
372 1361 451 1410 factae
472 1361 572 1426 pridem
582 1379 596 1410 a
607 1356 772 1426 Syracusanis
782 1361 878 1419 classis,
900 1377 935 1409 ne
944 1363 993 1411 La·

937 108 948 130 l

146 1438 149 1444 '
234 1426 404 1478 cedaemoniis
415 1421 473 1477 illae
493 1424 729 1489 v'iresaccederent;
750 1427 930 1493 Lamponium
950 1426 994 1476 dn·

187 1540 196 1557 ,
235 1511 291 1543 cem
302 1512 362 1543 cum
373 1496 450 1545 classe
460 1498 487 1543 in
508 1493 623 1544 Siciliam
642 1498 741 1554 misere,
761 1506 792 1545 ut
800 1496 848 1545 sub
858 1495 946 1560 specie
954 1495 992 1543 le·

219 1559 321 1611 'rendi‘
330 1558 519 1618 Catiniensibus
538 1563 628 1611 anxilii
647 1573 775 1613 tentarent
795 1563 902 1611 Siciliae
912 1564 992 1629 impe·

236 1630 313 1677 rium.
343 1630 377 1679 Et
396 1630 518 1693 quoniam
539 1630 621 1693 prima
641 1630 900 1694 initia„lrequencer
918 1631 992 1679 caesis

235 1694 358 1755 hostibus,
378 1711 499 1762 prospera
518 1694 631 1757 fuerant,
651 1699 747 1747 maiore
767 1696 853 1745 denuo
864 1698 954 1759 classe,
971 1706 992 1745 et

235 1761 377 1825 robustiore
389 1762 509 1821 exercitu,
526 1758 673 1818 Lachete'et
683 1762 809 1831 Qhariade
818 1763 940 1824 ducibus,
957 1765 991 1814 Si·

235 1829 323 1877 ciliane
341 1831 467 1896 petivere:
489 1826 536 1877 sed
556 1825 723 1893 Catinienses,
744 1833 798 1881 sive
816 1841 889 1882 metu
908 1831 990 1881 Athe·

235 1895 375 1954 niensium,
395 1899 448 1946 sire
459 1895 542 1945 taedio
553 1896 624 1959 belli,
644 1914 735 1961 pacem
745 1914 807 1947 cum
817 1899 989 1963 Syracusanis,
1022 1961 1023 1966 ¹

156 1980 158 1986 ¹
234 1963 346 2011 remissis
361 1960 558 2013 Atheniensium
573 1966 685 2022 auxiliis,
703 1965 845 2015 fecerunt..

303 2028 374 2079 Car.
386 2030 434 2083 IV.
453 2030 590 2084 interiecto
599 2031 694 2081 deinde
703 2044 833 2098 tempore,
854 2048 917 2081 cnm
931 2032 990 2083 tides

234 2098 304 2164 pacis
323 2115 338 2146 a
358 2098 524 2164 Syracusanis
543 2115 596 2158 non
616 2111 772 2159 servaretur,
791 2097 877 2158 denuo
897 2101 991 2166 legatos

234 2162 351 2213 Athenas
361 2164 480 2230 mittunt3
501 2166 546 2229 qui
557 2165 659 2216 sordida
670 2177 746 2229 reste,
758 2167 849 2233 capillo
860 2166 987 2232 barbaque
1022 2201 1023 2208 ι

235 2230 373 2297 promissis,
395 2244 421 2281 et
430 2232 504 2281 omni
513 2236 637 2296 squaloris
647 2233 736 2284 habitu
745 2233 778 2283 ad
788 2234 987 2283 misericordiam

234 2298 452 2349 conimovendam
464 2300 594 2363 acquisito,
614 2303 763 2351 concionem
783 2300 912 2351 deformes
929 2302 987 2351 ade·
1022 2353 1023 2366 χ

234 2378 293 2415 arnt:
316 2362 447 2414 adduntur
465 2366 585 2432 precibus
604 2368 736 2419 lacrimae:
757 2371 831 2418 etita
846 2369 985 2421 misericor·
1022 2377 1024 2420 l

235 2431 295 2480 siem
315 2432 442 2497 populum
463 2434 593 2498 supplices
611 2448 734 2494 movent,
759 2447 789 2485 nt
806 2433 986 2486 damnarentur
1022 2429 1024 2454 '

235 2496 321 2560 duces,
341 2496 427 2563 quiab
437 2497 476 2547 his
498 2499 594 2549 auxilia
612 2498 778 2554 deduxerant.
809 2502 892 2567 Igitur
906 2502 985 2555 class‘u
1022 2463 1024 2576 i

767 2603 775 2617 l

903 2643 913 2661 ,
1022 2603 1024 2752 Ι

720 2704 724 2710 ‚
812 2695 817 2705 t

685 2770 690 2778 ι

812 2934 831 2939 -
856 2904 1024 2951 rr—-d
