2075 3000
393 7 404 32 X

186 125 488 221 u1sron1anvu
512 168 589 223 nin.
609 170 668 223 xx.
720 240 723 257 Ι
755 178 809 235 16³

39 283 145 336 tuaque
164 267 370 335 disputationum
388 268 615 333 assiduitate'erat,
632 283 664 321 ut
678 284 810 323 matronae
852 259 857 277 i
891 252 894 262 ¹

41 344 252 396 aui‘atsavostes,
273 348 405 401 ceteraque
425 337 558 401 dignitatis
570 356 631 387 suae
652 339 810 401 ornamenta,

41 407 123 454 velut
133 405 304 453 instrumenta
314 405 439 464 luxuriae,
449 404 622 470 deponerent3
633 422 712 470 eaque
724 409 809 455 omnia

41 471 131 520 delata
142 472 169 519 in
180 470 286 520 lunonis
297 472 388 521 aedem
397 473 446 538 ipsi
466 473 529 521 deae
548 483 731 529 consecrarent,
751 488 810 539 prae

41 556 75 589 ae
85 540 206 597 serentes,
226 554 286 587 vera
306 549 455 589 ornamenta
464 550 644 595 matronarum
654 538 810 605 pudicitiam,

42 624 101 655 nou
113 618 202 663 restes,
221 623 284 656 esse.
308 606 340 654 ln
350 604 487 655 Iuventute
496 608 602 672 quoqne‘
610 617 736 672 quantum
746 624 808 673 pro·

42 674 167 738 fligatum
176 673 221 730 sit,
242 672 301 722 victi
311 674 467 723 seminarum
477 685 640 723 contumaces
652 675 732 723 animi
751 690 810 723 ma·-
863 670 867 679 ’

42 742 181 791 nilestant.
213 737 265 786 Sed
281 756 325 787 ccc
344 756 375 787 ex
393 742 599 790 iuvenibuscum
618 741 732 790 sodalitii
750 742 810 790 iuris

43 816 211 857 sacramento
220 804 334 870 quodam
344 806 412 863 nexi,
431 820 573 872 saparatam
588 828 602 858 a
612 809 701 859 octaris
712 808 810 857 civibus

43 877 129 925 vitam
140 885 295 933 exercerent,
317 873 388 937 quari
397 885 500 922 coetum
510 873 681 925 clandestinae
691 876 811 925 coniura-

44 943 129 992 tionis
139 940 274 1008 haberent,
292 940 421 990 civitatem
441 942 469 990 in
484 956 511 990 ae
532 954 724 1004 converterunt3
747 958 811 1008 quae

45 1026 101 1070 eor,
122 1021 185 1056 cnm
193 1008 220 1055 in
230 1024 312 1062 unam
321 1005 431 1058 domum
441 1011 627 1071 convenissent,
639 1016 751 1059 cremare
762 1024 811 1058 vo-

43 1078 107 1125 luit.
135 1074 168 1123 In
181 1091 232 1139 quo
243 1076 357 1123 tumultu
366 1091 399 1123 nx
413 1075 496 1123 senne
505 1078 615 1141 periere:
638 1078 715 1126 ceteri
725 1079 750 1125 in
763 1092 810 1125 ex-

43 1145 139 1193 silium
150 1142 267 1208 profecti.
302 1140 461 1207 Pythagoras
481 1155 570 1192 antem
590 1159 650 1193 cum
672 1162 753 1193 annos
772 1159 810 1191 xx

45 1211 162 1261 Crotone
183 1206 296 1272 egisset*
307 1208 489 1275 Metapontum
507 1212 639 1276 migravit,
661 1212 746 1276 ibique
765 1208 808 1258 de-

45 1279 136 1327 cessit:
162 1278 239 1325 cuius·
253 1286 322 1325 tanta
341 1277 477 1325 admiratio
497 1277 554 1335 suit,
574 1289 603 1327 ut
616 1294 645 1327 ex
660 1278 740 1328 dum'o
755 1278 810 1327 eius

44 1344 181 1411 templum
189 1343 310 1405 facerent,
331 1359 449 1407 eumque
458 1359 505 1409 pro
526 1342 574 1391 deo
585 1347 706 1394 colerent.

84 1439 89 1443 ·
115 1409 191 1459 Car.
202 1410 235 1461 V.
250 1408 334 1474 Igitur
344 1410 482 1476 Dionysius
493 1422 624 1477 tyrannus,
643 1428 723 1475 quem
733 1427 810 1475 supra
861 1440 866 1447 ·

43 1501 58 1531 a
69 1478 163 1528 Sicilia
182 1477 325 1527 exercitum
345 1477 373 1526 in
392 1478 494 1528 ltaliam
505 1476 638 1539 traiecisse,
659 1478 809 1543 bellumque

44 1548 159 1599 Graecis
174 1544 291 1595 intulisse
308 1546 525 1606 memoravimus,
546 1548 697 1612 expugnatis
714 1547 809 1605 Locris,

43 1611 238 1675 Crotonienses,
255 1615 300 1663 vix
310 1613 376 1661 vires
386 1614 466 1676 longo
475 1615 529 1660 otio
538 1630 570 1662 ex
580 1615 674 1680 prioris
681 1613 745 1664 belli
755 1613 812 1662 ola-

43 1682 80 1732 de
92 1690 262 1740 resumentes,
283 1676 445 1745 aggreditur:
466 1680 513 1744 qui
532 1680 622 1730 fortius
642 1697 703 1730 cum
723 1681 811 1746 paucis

44 1759 121 1817 tanto
132 1747 256 1796 exercitui
267 1748 329 1804 eius,
344 1762 423 1810 quam
432 1749 504 1796 aritea
513 1763 575 1796 curn
585 1759 622 1797 tot
630 1749 749 1798 millibus
759 1746 810 1796 Lo·

43 1817 181 1866 urentium
190 1814 319 1880 paucitati,
328 1815 486 1863 restiterunt.
507 1816 622 1864 Tantum
631 1817 731 1866 virtutis
741 1813 812 1881 pau&

41 1894 131 1952 pertas
142 1879 265 1930 adversus
275 1882 414 1931 insolentes
425 1880 527 1932 divitica
537 1881 620 1945 habet,
637 1894 759 1948 tantoque
771 1885 811 1930 in-

41 1961 146 2016 sperata
167 1948 300 1998 interdum
323 1961 422 2015 sperata
447 1951 553 2000 victoria
573 1951 666 1998 certior
677 1962 720 1998 cst.
755 1946 809 1998 Sed

43 2017 206 2084 Dionysium
226 2028 360 2081 gerentem
374 2015 474 2065 bellum
492 2017 570 2082 legati
590 2017 741 2073 Gallorum,
764 2016 808 2080 qui

43 2096 241 2146 antamensem
260 2083 371 2144 Romam
388 2081 565 2142 incenderant3
586 2085 733 2136 societatem
743 2083 809 2130 ami·

43 2153 187 2216 titiumque
197 2161 312 2217 petentes
322 2149 432 2200 adeunt:
449 2159 561 2220 gentem
575 2165 652 2200 auam
667 2149 740 2198 iuter
759 2147 809 2198 lto·

42 2228 102 2270 ates
112 2218 300 2295 eiuspocr'tom
310 2233 384 2276 esce,
402 2233 555 2287 magnoque
570 2215 632 2266 usui
650 2215 808 2284 eifuturam

42 2285 89 2338 vel
102 2285 132 2335 in
141 2301 203 2348 acte
214 2283 328 2335 bellanti
336 2319 344 2344 ,
364 2283 411 2334 vel
418 2285 449 2334 de
459 2293 540 2354 tergo
553 2283 674 2353 jntentis
688 2282 717 2332 in
724 2297 808 2353 proe-
829 2282 834 2295 ⁴

44 2353 112 2408 lium
121 2351 254 2413 hortibus,
265 2351 401 2403 affirmant.
424 2353 502 2404 Grata
512 2353 606 2416 legatio
616 2351 741 2418 Dionysio
751 2352 808 2400 luit.

44 2421 84 2471 lta
94 2432 167 2488 pacta
177 2421 308 2479 societate‚'
325 2431 350 2468 et
365 2419 464 2469 auxiliis
484 2420 624 2471 Gallorum
635 2431 734 2480 anctus,
753 2418 808 2468 bet·

43 2490 103 2538 lum
114 2488 186 2539 velut
196 2490 339 2551 exintegro
349 2488 481 2538 instaurat.
497 2487 549 2538 ›nu
559 2498 645 2536 autem
657 2487 738 2552 Gallia
749 2503 809 2536 can·

43 2573 70 2605 sa
82 2557 111 2604 in
122 2555 224 2605 ltaliam
234 2553 364 2614 veniendi,
379 2554 451 2614 sedes
470 2573 503 2605 ue
513 2570 593 2605 novas
604 2553 751 2621 quaerendi,
768 2554 808 2603 in·
865 2579 869 2592 ·

43 2625 138 2673 teatina
150 2620 280 2672 discordia
291 2632 316 2670 et
325 2619 440 2674 assiduae
450 2574 521 2674 domi
540 2622 710 2672 dissensiones
721 2621 807 2669 fuere:

43 2705 159 2757 marum
177 2689 261 2741 taedio
281 2705 342 2739 cum
362 2691 390 2740 in
409 2691 513 2743 Italiam
536 2692 680 2806 viaissent,
705 2687 806 2739 redibas

226 2751 235 2764 .
439 2760 443 2778 ,
582 2767 601 2810 ²

291 2829 308 2852 s

143 2901 262 2960 .;,t
