2075 3000
222 157 603 253 HISTORIhRVMLlB.
621 202 680 257 t'lt
792 205 826 260 69
866 207 871 215 ’

75 315 153 366 {nturi
165 319 206 366 vel
220 331 354 385 propterea
375 323 493 380 victores,
515 324 586 389 quod
603 341 637 374 ex
651 323 827 388 superstitione

75 385 190 433 animmn
199 386 318 437 vincendi
328 388 459 452 ceperant!
470 391 548 440 simtd
558 403 584 441 et
592 392 720 442 miseratio
732 403 775 438 eos
785 393 828 440 inu

73 450 147 502 santis
165 454 276 517 tenebat,
294 472 390 520 ouem,
415 457 435 504 si
452 459 511 506 victi
528 458 621 519 forent,
645 460 773 523 captivom
795 457 828 508 (lt

71 535 132 584 rege
153 519 245 570 factm-i
268 521 425 572 videbantur.
459 523 585 576 Conserto
607 530 691 591 itaque
715 527 823 592 proelio,

70 589 163 651 magna
179 587 256 638 caede
271 588 373 655 Illyrios
388 589 492 652 fudere3
511 595 726 659 ostendenmtque
740 592 823 642 hosti-

69 653 197 718 burmis,
212 657 297 720 priore
311 657 379 706 hello
397 675 485 722 regem
493 658 685 722 Macedonibus,
702 678 755 709 non
769 663 825 710 rir-

67 731 152 771 tutem
169 721 303 773 defuisse:
321 725 387 774 Huic
404 721 532 792 Amyntas
546 729 671 790 succedit,-
683 739 708 777 et
721 731 822 794 propria

67 791 172 855 virtute,
196 801 223 838 et
239 789 377 842 Alexandri
398 792 443 842 filii
468 799 566 860 egregia
591 796 678 846 indole
694 797 825 860 insigniter

67 857 167 905 elatus:
184 859 225 906 eni
234 855 379 908 Alexandro
391 872 459 910 tanta
477 866 595 913 omnimn
609 867 732 914 virtutum
746 875 823 912 natu-
890 884 897 903 ι

66 939 110 973 rae
121 937 271 974 ornamenta
282 929 406 990 exstitere,
420 939 450 978 ut
457 931 533 978 etiam
544 931 668 998 Olympio
678 934 824 994 certamine,

65 991 309 1052 varioludicrorum
319 1011 411 1054 genere
422 997 590 1048 contenderit.
851 995 856 1000 ’

112 1061 115 1064 ’
133 1057 208 1110 ΟΜ.
221 1057 269 1110 lll.
290 1055 359 1107 Cum
374 1059 476 1106 iuterim
491 1058 600 1118 Darius,
619 1075 666 1108 rex
682 1059 827 1115 Persarum,
843 1071 851 1076 ·

60 1127 133 1193 turpi
145 1127 177 1176 ab
189 1124 294 1191 Scythia
304 1123 363 1189 fugit
373 1123 532 1183 summotus,
551 1141 585 1174 ne
596 1124 693 1189 ubique
703 1124 828 1173 deformis

60 1196 172 1245 militiae
183 1191 286 1241 damnis
297 1190 440 1250 haberetur,
451 1187 532 1241 mittit
543 1207 605 1241 cum
614 1203 686 1258 parte
696 1193 828 1256 copiarum

59 1259 238 1326 Megabyzum
250 1256 283 1307 ad
293 1257 464 1320 subigendam
474 1257 619 1318 Thraciam,
635 1269 767 1322 ceteraque
774 1258 827 1305 eius
837 1296 844 1301 .

59 1337 158 1378 tractus
169 1341 196 1372 re
216 1343 259 1374 na:
281 1323 375 1388 quihus
387 1341 433 1389 pro
445 1325 554 1388 ignobili
564 1336 698 1373 momento
708 1334 761 1371 erat
780 1339 826 1370 ac·

60 1409 166 1444 cessura
177 1343 336 1448 higaeedonia.
357 1391 410 1455 Qui
420 1391 492 1440 brevi
503 1400 618 1456 tempore
628 1401 748 1438 exsecuto
758 1392 827 1450 regis

59 1461 187 1527 imperio,
216 1459 306 1523 legatis
328 1456 362 1507 ad
385 1455 528 1524 Amyntam
550 1472 639 1522 regem
658 1455 828 1506 Macedoniae
897 1456 903 1466 '

60 1529 156 1583 missis,
179 1522 280 1573 obsides
291 1527 321 1585 iu·
339 1528 434 1591 pignus
454 1526 554 1573 iutttrae
568 1526 636 1589 paais
651 1521 706 1571 dari
717 1524 765 1572 sihi
780 1541 826 1589 pc·

60 1594 185 1647 rtulabat.
227 1590 279 1641 Sed
298 1593 374 1656 legati
394 1590 505 1657 benigne
526 1591 709 1657 exceptssiuter
728 1593 827 1657 epulas,

60 1662 188 1712 ebrietate
199 1669 339 1717 crescente,
359 1670 451 1723 rogant
461 1659 618 1725 Amyntam,
638 1668 697 1710 uta
711 1667 826 1723 paratur

61 1728 205 1797 epularum
225 1727 341 1777 adiiciat
361 1726 405 1775 ius
416 1725 637 1793 familiaritatis,
657 1674 828 1775 mittitote

61 1796 214 1847 convivium
229 1796 288 1845 suis
308 1810 341 1843 ac
353 1790 414 1857 filii
423 1793 565 1843 uxoribus:
584 1794 616 1843 id
634 1794 710 1861 apud
726 1796 827 1843 Persas

61 1862 159 1913 baberi
173 1862 279 1930 pignus
300 1877 333 1909 oc
348 1858 446 1927 foedus
455 1858 577 1929 hospitii.
612 1860 686 1926 Quae
700 1871 827 1909 utvene-

61 1941 133 1991 runt,
155 1930 311 1996 petulantius
321 1926 402 1975 Persis
413 1944 452 1977 eas
465 1930 687 1986 contrectantibus,
706 1928 774 1976 filius
789 1926 827 1976 A··
911 1934 915 1940 “

61 2010 179 2064 myrtae,
199 1994 347 2045 Alexander
356 2006 429 2059 rogat
438 2008 548 2060 patrem,
568 2006 686 2059 respectu
700 1994 788 2043 aetatis
797 2010 828 2041 ac
889 2025 893 2031 -

61 2064 195 2129 gravitatis
215 2078 276 2111 suae
287 2059 367 2109 abiret
386 2064 510 2120 convivio,
530 2063 670 2127 pollicitus,
690 2076 718 2107 se
736 2059 826 2125 hospi-

62 2143 118 2179 tum
135 2140 341 2196 temperaturum
362 2130 438 2177 iocos.
467 2130 527 2194 Quo
547 2127 678 2194 digresso,
702 2126 826 2173 mulieres

65 2214 168 2263 qnoque
178 2196 340 2264 paululume
351 2196 470 2245 convivio
491 2208 587 2252 evocat,
608 2193 703 2241 cultius
712 2208 823 2241 exorna-

64 2276 144 2325 tores,
166 2264 343 2328 gratioresque
363 2260 529 2311 reducturus.
566 2260 720 2325 loquat-um
738 2258 827 2308 locum

65 2332 201 2381 matronali
217 2328 305 2379 habitu
316 2340 447 2379 exornatos
464 2329 571 2377 iuvenes
580 2344 628 2392 sup
664 2324 711 2387 nit,
731 2343 825 2389 eosque

13 2436 14 2441 ,
63 2400 233 2463 petulantiam
252 2396 398 2463 legatorum
416 2396 491 2456 ferro,
515 2392 585 2459 quod
599 2410 630 2443 su
665 2404 733 2443 veste
748 2409 825 2459 gere-

63 2464 132 2525 bant,
154 2479 315 2530 compescere
327 2463 407 2527 iubet.
442 2460 530 2527 Atque
545 2463 578 2511 ita
590 2460 728 2523 interiectis
737 2461 827 2509 omni-

36 2596 38 2602 Ι
62 2529 120 2593 bns,
136 2534 244 2597 ignarus
254 2532 292 2579 rei
301 2528 465 2597 Megabyzus,
480 2546 541 2579 cum
551 2530 630 2595 legati
640 2546 692 2578 non
703 2526 826 2588 redirent,

59 2600 146 2649 mittit
156 2616 187 2648 eo
198 2616 258 2647 cum
269 2599 393 2660 exercitus
403 2608 474 2663 parte
492 2594 628 2658 Bubarem,
650 2594 714 2643 utin
725 2594 824 2643 bellum

58 2666 138 2717 tache
150 2664 332 2729 etmediocre‘3
351 2663 505 2731 dedignatus
526 2665 579 2731 ipse
599 2665 645 2725 ire,
665 2677 698 2710 ne
715 2658 826 2709 deltone-
