2075 3000
101 209 103 212 ·
150 203 161 246 τ
224 191 522 248 n1sr0u1anvn
544 146 683 248 moun.
790 201 828 258 39

63 293 151 364 gradu
166 272 255 347 aetatis
272 311 378 359 senum,
401 298 556 365 esserolnit.
585 295 708 346 Rectene
718 313 829 364 usquam

63 375 195 414 terrarum
205 363 293 414 locum
302 364 494 414 honoratiorem
509 375 627 416 senectus
637 364 723 414 babet.
756 365 828 416 llaec

65 433 190 497 quoniam
202 426 295 497 primo,
314 433 403 482 solutis
414 443 486 482 antea
504 431 630 491 moribus,
650 429 715 480 dura
725 429 829 483 videbat

64 515 129 562 esse,
150 509 280 548 auctorem
300 514 393 550 eorum
412 499 562 566 Apollinem
572 497 730 566 Delphicum
745 500 828 564 lingit,
901 515 907 525 ³

63 577 88 615 et
98 566 161 615 inde
171 581 199 613 se
211 581 239 615 ea
252 581 282 615 ex
293 578 426 636 praecepto
436 567 553 616 numinis
559 551 701 626 detulisse,
722 575 752 614 nt
761 581 826 615 con·
885 577 887 581 ’

62 631 199 682 suescendi
219 630 333 682 taedium
352 645 437 684 metue
454 634 587 698 religionis
597 634 690 683 vincat.
720 633 787 684 Dein
799 645 829 683 nt

63 702 244 749 aeternitatem
262 699 365 765 legibue
381 703 434 750 suia
454 699 535 759 daret,
555 698 722 749 iureiurando
732 698 830 764 obligat

63 768 207 826 civitatem,
224 765 291 815 nibil
302 783 345 816 ecs
356 766 389 816 de
400 768 455 824 eiua
465 765 569 831 legibus
578 778 732 828 mutaturos,
744 768 830 834 prius-

64 850 146 899 quam
154 843 337 883 reverteretur:
357 836 504 894 etsimulat,
523 831 591 883 read
606 836 741 883 oraculum
758 833 828 883 Del-

8 899 9 904 ’
62 901 175 968 pbicnm
200 901 338 966 proficisci,
364 904 565 962 consulturum,
591 900 653 966 qnid
678 899 829 952 addendum

63 967 275 1032 mutandamque
285 965 383 1034 legibus
395 968 535 1018 rideretur.
562 967 829 1030 Proficisciturautem

65 1033 186 1097 Cretam,
207 1033 296 1099 iquue
311 1048 465 1101 perpetuum
480 1035 601 1083 exsilium
617 1038 681 1099 egit,
701 1035 837 1099 abiicique'

63 1105 91 1152 in
101 1117 176 1150 mars
187 1117 241 1150 osea
261 1119 307 1150 sna
327 1104 439 1152 moriens
459 1100 539 1159 iussit,
557 1117 591 1150 ne
600 1103 686 1152 relatis
696 1100 830 1152 Lacedae-

62 1183 184 1229 monem,
204 1167 300 1218 solutos
310 1184 337 1218 se
349 1168 468 1237 Spartani
481 1169 609 1234 religione
619 1169 785 1220 iurisiurandi
800 1166 829 1218 i‘n

65 1233 237 1284 dissolvendis
252 1235 351 1302 legibus
362 1237 554 1287 arbitrarentur.

135 1299 203 1353 Gar.
220 1299 268 1352 lv.
296 1303 342 1352 llis
361 1306 441 1368 igitur
460 1305 576 1354 moribus
595 1304 630 1353 ita
650 1303 723 1354 brevi
743 1305 829 1351 civitas

64 1368 204 1433 convaluit,
224 1380 260 1429 ut,
280 1371 485 1422 cumMesseniis
498 1370 830 1440 propterstupratasvirgi·
859 1423 864 1434 Ι

64 1453 112 1486 nes
123 1453 183 1486 suas
210 1436 237 1485 in
254 1437 363 1487 solemni
378 1437 572 1489 ldeaaeniorum
582 1436 711 1495 sacrificio,
730 1435 830 1484 bellum

66 1505 229 1566 intulissent,
246 1506 396 1571 gravissima
416 1522 443 1553 ee
454 1504 628 1554 exsecratione
638 1502 828 1563 obstrinxerint,

64 1575 201 1638 nonpritu
213 1590 290 1637 quam
311 1574 466 1623 Merseniam
486 1580 683 1637 expugnarent,
704 1583 828 1619 reversu-

63 1656 125 1704 roa;
145 1651 248 1689 tantum
258 1637 308 1687 ribi
328 1639 372 1690 rel
382 1637 416 1689 de
434 1639 531 1689 viribus
546 1640 608 1697 suis,
629 1640 672 1688 rel
682 1636 714 1686 de
725 1637 829 1687 fortune

65 1705 232 1772 spondentes.
245 1750 254 1765 ,
265 1706 338 1771 Quae
349 1723 390 1755 res
406 1706 510 1756 initium
521 1704 686 1755 dissensionis
697 1705 828 1764 Graeciae,

65 1784 91 1821 et
101 1774 215 1823 intestini
225 1763 290 1821 belli
300 1788 376 1823 causa
386 1786 411 1825 et
421 1775 494 1839 origo
504 1770 561 1821 soit.
581 1770 671 1838 ltaque
682 1788 742 1821 cnm
761 1786 827 1821 con-

64 1850 104 1889 tra
125 1840 346 1906 praesumtionem
365 1854 439 1887 suam
460 1841 533 1887 annis
553 1839 642 1889 decem
652 1841 680 1887 in
696 1838 829 1888 obsidione

64 1906 136 1956 urbis
141 1916 304 1975 tenerentur,
315 1916 341 1954 et
351 1906 461 1969 querella
471 1920 581 1954 uxorum
591 1916 648 1971 post
658 1916 710 1954 tam
720 1906 828 1970 longam
867 1909 871 1922 “

65 1973 220 2024 viduitatem
240 1984 432 2024 revocarentur:
452 1973 537 2031 veriti,
558 1988 590 2021 ne
606 1972 828 2037 bacperseveran·

67 2042 105 2090 tia
126 2040 188 2090 belli
203 2039 312 2103 -grarius
333 2039 396 2097 sibi,
423 2056 501 2105 quam
523 2038 673 2098 Messeniis,
693 2048 839 2088 nocerentr·

66 2110 162 2174 qnippe
171 2107 233 2166 illia,
248 2117 374 2170 qnantum
384 2107 522 2169 inventutis
531 2103 601 2154 b'ello
611 2103 754 2164 intercidat,
765 2120 828 2153 tnn-

65 2174 164 2225 lierum
173 2173 345 2223 foecunditate
355 2174 483 2239 suppleri,
503 2171 551 2220 sibi
562 2171 762 2220 etbellidamna
782 2188 826 2219 m*

67 2240 154 2303 sidua,
178 2238 421 2291 etdoecunditatem
441 2254 566 2297 uxorum,
591 2235 737 2287 absentibus
755 2238 840 2300 viris,'

68 2309 170 2359 unllam
182 2324 249 2357 esse:
270 2310 354 2373 itaque
364 2308 456 2373 legunt
465 2308 570 2355 iuvenes
581 2322 612 2354 ex
623 2320 653 2353 eo
663 2319 757 2369 genere
772 2305 827 2353 mi-

67 2373 152 2437 litum,
173 2376 219 2439 qul
230 2387 288 2439 post
298 2372 479 2424 iusiurandum
490 2374 517 2421 in
529 2375 741 2439 supplementum
751 2388 833 2423 vene--

66 2454 133 2500 rant3
154 2440 250 2506 quibua
268 2436 389 2508 Spartam
408 2440 522 2490 remissis
540 2440 840 2507 permiscubsomnium'

66 2505 224 2570 feminarum
235 2508 385 2558 concubitus
396 2507 548 2575 permisere:
567 2508 736 2557 maturiorem
751 2507 838 2555 luttr-⁴

65 2591 124 2626 ram
143 2574 339 2641 conceptionem
357 2576 414 2636 rati,
434 2576 457 2625 si
471 2573 666 2638 eam'aingulae
682 2573 826 2640 perplures

67 2643 136 2693 siros
154 2645 338 2711 experirentur.
368 2644 408 2696 Ex
427 2642 469 2693 bis
487 2642 551 2707 nati,
570 2640 604 2691 ob
621 2651 709 2691 notam
718 2639 827 2689 materni
