2075 3000
227 189 283 253 lat
516 146 709 267 rvs'u‘rur

225 308 350 357 agroaque
370 293 402 343 iia
411 293 516 351 ultimos
536 292 702 345 Macedoniae
720 289 845 358 assignat.
881 288 993 357 Deinde,

225 375 259 409 ne
279 359 414 421 Herculea,
434 359 577 410 Alexandri
600 360 676 419 filiua,
696 361 741 423 qui
763 360 917 409 lereannoa
929 376 992 427 qua·

225 426 371 476 tuordecim
390 438 533 476 excarcerat
539 456 559 487 ,-
566 427 654 477 lavore
671 426 772 492 paterni
782 427 902 474 nominis
915 427 992 476 inre·

225 510 308 559 guum
318 491 483 543 Macedoniae
501 506 643 555 vocaretur,
664 494 747 543 occidi
756 501 816 541 eum
832 490 915 543 tacite
934 510 992 543 cum

223 571 306 609 matre
326 560 428 610 Barsine
448 560 527 623 iubet,
549 576 705 627 corporaque
724 576 813 610 eorum
823 570 897 610 terra
908 560 991 620 obrui,

224 644 257 677 ne
269 626 358 676 caedes
369 630 502 695 aepultura
517 628 684 695 proderetur,
704 639 729 677 et
749 628 822 692 quari
831 643 935 692 parum
953 628 992 677 fa·

223 696 318 747 cinoria
329 694 420 761 inipso
430 698 547 763 primum
558 711 628 761 rege,
638 710 700 745 mox
710 696 736 743 iu
743 706 824 745 matre
831 692 888 742 eiua
896 693 990 761 Olym·

222 759 307 827 piade,
317 778 347 811 ac
357 763 410 812 lilio
422 762 576 825 admisisset3
597 762 708 821 alterum
718 768 821 827 quoque
831 759 923 809 filium
933 777 990 809 eum

222 841 305 879 matre
324 829 435 890 Roxane,
454 830 508 893 pari
529 826 619 879 fraude
640 830 769 877 interficit:
789 828 899 890 scilicet,
920 828 990 894 quasi

222 910 335 960 regnum
356 894 530 956 Macedoniae,
551 893 621 961 quod
642 888 878 955 affectabat‚'aliter
895 910 989 945 conte-

223 964 275 1025 qui,
296 978 375 1024 quam
394 963 497 1022 scelere,
518 980 570 1012 nou
581 974 674 1028 posset.
704 961 803 1011 Interea
822 959 989 1011 Ptolemaeus

215 1029 286 1076 ‘cum
305 1027 448 1092 Demetrio,
468 1031 551 1090 navali
573 1031 672 1099 proelio
704 1032 801 1089 iterato,
812 1029 988 1095 congreditur,

224 1096 448 1157 etamiasaclaase,
470 1097 589 1161 lunatique
609 1112 726 1147 concessa
746 1096 863 1159 victoria,
887 1096 916 1144 in
935 1095 1012 1145 Ae-·

223 1171 334 1227 gyptnm
349 1163 453 1228 refugit.
482 1165 631 1213 Demetriua
651 1164 734 1213 filium
745 1162 890 1213 Ptolemaei
902 1163 988 1213 Leon·

222 1230 327 1285 uacum,
348 1240 373 1277 et
392 1229 499 1279 fratrem
517 1232 678 1292 Menelaum,
698 1230 849 1294 amicosque
860 1231 988 1279 eiuacum

221 1298 317 1361 privati
326 1297 490 1347 lnatmmenti
508 1298 666 1361 ministerio,
685 1298 740 1364 pari
750 1309 906 1363 provocatus
917 1308 988 1348 autea
1027 1294 1028 1345 ξ

221 1380 345 1424 munere,
366 1361 657 1430 Aegyptumjemittit:
677 1375 703 1413 et
722 1376 752 1413 ut
772 1376 923 1431 appareret,
944 1380 987 1414 eos

220 1445 275 1478 nou
283 1428 352 1493 odio,
373 1432 417 1482 aed
441 1431 572 1498 diguitatis
593 1432 674 1498 gloria
684 1447 809 1490 accensor,
830 1430 909 1481 donia
930 1448 986 1481 mu-

205 1499 379 1563 «ueribuaque
399 1501 466 1549 inter
484 1496 539 1566 ipra
563 1499 631 1549 bella
650 1498 851 1550 contendebant.
904 1499 986 1550 Tanto

221 1562 355 1613 laonestiua
373 1577 436 1614 tunc
454 1567 523 1616 bella
542 1568 703 1631 gerebantur,
724 1584 803 1632 quam
816 1569 888 1616 nunc
900 1567 985 1616 amici·

220 1631 269 1678 tiae
281 1633 412 1680 coluntur·
431 1633 486 1683 Hac
498 1635 601 1684 victoria
620 1637 702 1684 elatua
711 1632 875 1698 Antigonua,
897 1649 985 1699 regem

220 1711 318 1746 aecum
331 1697 464 1762 Demetrio
475 1700 526 1748 filio
537 1701 661 1766 appellari
671 1721 686 1751 a
700 1703 799 1768 populo
810 1699 892 1752 iubet.
923 1701 984 1751 Pto·

219 1763 332 1813 lemaeua
355 1781 468 1830 quoque,
486 1783 520 1816 ne
541 1767 649 1816 minoris
669 1767 738 1835 apud
749 1783 808 1817 tuoe
825 1769 984 1818 auctoritatis

148 1872 150 1875 .
218 1829 370 1888 haberetur,
394 1848 440 1883 rex
459 1832 491 1884 ab
511 1836 622 1886 exercitu
643 1837 848 1901 cognominatur.
881 1834 983 1903 Quibus

180 1925 183 1932 ·
218 1895 319 1960 auditis,
342 1894 484 1949 Cassander
493 1911 520 1950 et
530 1901 705 1968 Lysimaclrua,
726 1915 751 1952 et
762 1903 811 1971 i'pei
821 1903 927 1970 regiam
938 1902 982 1956 sihi

217 1965 379 2015 maieatatem
394 1965 599 2024 vindicaverunt.
630 1969 713 2020 Huius
724 1969 827 2020 honoria
838 1986 982 2020 ornamen-

216 2032 359 2094 tiatamdiu
378 2049 468 2086 omnes
490 2035 677 2100 abatinuerunt,
698 2035 823 2104 quamdiu
844 2037 894 2086 lilii
910 2035 980 2102 ¹regit

216 2099 257 2148 tui
276 2116 408 2166 aupereeae
426 2112 577 2170 potuerunt·
606 2105 689 2154 Tanta
710 2107 738 2155 iu
758 2106 810 2154 illia
825 2103 981 2154 verecundia

215 2166 274 2228 init,
294 2179 336 2229 ut,
356 2183 417 2217 cnm
435 2186 496 2237 oper
516 2172 600 2238 regiae
615 2171 758 2235 baberent,
776 2187 874 2236 regum
894 2183 982 2222 tamen

216 2234 365 2285 nominibus
375 2252 457 2302 aequo
467 2238 553 2288 animo
577 2241 712 2298 caruerint,
734 2237 819 2304 quoa‘d
829 2235 981 2288 Alexandro

215 2299 298 2350 iustus
308 2301 382 2351 berea
392 2303 450 2354 fuit.
480 2303 533 2355 Sed
544 2303 706 2356 Ptolemaeus
722 2319 748 2356 et
763 2305 919 2369 Cassander,
939 2323 981 2354 ca·

215 2368 263 2415 teri
284 2384 316 2416 ue
325 2368 443 2420 factionis
452 2373 559 2423 alteriue
570 2371 654 2430 duces,
675 2375 852 2440 oumcarplae
862 2374 981 2440 singulos

214 2430 248 2482 ab
311 2436 398 2500 tigano
419 2437 550 2503 viderent3
570 2438 634 2490 dum
672 2443 785 2490 rivatum
804 2442 980 2506 singulorum,

213 2514 268 2561 arou
286 2515 425 2552 commune
445 2507 627 2556 universorum
653 2458 754 2556 denum
780 2503 912 2569 ducunt,
935 2521 980 2558 nee

213 2565 415 2644 auxiliumlerre
425 2572 490 2620 alter
499 2575 573 2623 alteri
584 2576 684 2633 volunt,
695 2573 881 2642 quasivictoria
891 2575 979 2636 nnius,
1024 2611 1025 2648 p

214 2644 397 2682 nononuuum
417 2635 495 2705 iuret,
516 2656 564 2704 per
582 2641 701 2707 epistolae
720 2658 747 2690 ae
762 2642 980 2702 invicemeonir·

215 2707 327 2757 menter,
348 2709 451 2766 tempu·
469 2715 495 2754 et
511 2708 600 2756 locam
620 2705 732 2775 coeundi
750 2707 905 2774 condicunt,
927 2709 975 2760 bel·
