2075 3000
416 99 424 122 l

125 193 127 196 ’
159 201 462 280 maroniae-vn
483 223 558 278 nra.
577 223 675 279 ων.
752 232 810 289 aas

29 328 124 380 hoves
136 328 238 403 primus
248 341 331 380 aratro
343 327 452 392 domari,
463 327 645 392 frumentaque
655 327 809 392 sulcoquae·

27 412 100 448 rere
112 393 211 459 docuit;
231 409 296 446 etex
307 398 399 462 agresti
409 397 465 446 cibo
475 397 578 451 mitiore
591 397 667 454 vesci,
691 393 749 445 odio
760 412 808 444 eo·

26 479 112 524 rum,
133 465 198 526 qua‘e
209 465 263 530 ipae
274 481 362 531 passus
374 460 465 524 fuerat,
477 463 600 520 ¹homines
611 464 711 528 co'e'git„
723 464 808 513 Huius
877 495 895 514 ,.»

26 547 116 580 casus
126 531 235 580 fabulosi
255 531 413 592 viderentur,
433 532 515 582 nisiet
534 533 711 580 Romanorum
720 530 807 579 condi·

26 611 111 648 tores
123 597 184 662 lupa
197 599 294 660 nutriti,
315 611 340 650 et
351 599 445 666 Cyrus,
462 615 506 648 rex
526 598 671 658 Persarum,
691 613 752 646 cane
763 598 809 645 ali-

28 679 83 714 tns
95 665 257 731 proderetur.
288 665 330 716 Ab
341 667 390 716 hoc
405 678 430 716 et
444 667 588 718 ministeria
599 667 699 715 servilia
710 667 808 730 populo
851 680 853 685 ’
890 672 896 677 ”

29 731 185 793 interdicta,
207 746 232 782 et
242 734 316 801 plebs
327 735 362 790 in
376 745 475 800 septem
491 733 571 784 urbes
587 731 682 784 divisa:
702 731 808 781 Mortuo

29 798 151 860 Habide,
162 811 275 865 regnum
285 819 332 868 per
343 803 426 852 multa
436 804 523 850 secula
533 821 547 851 a
557 800 743 850 successoribus
753 801 808 850 eius

31 879 176 919 retentum
189 881 235 932 est·
257 868 348 933 Inlslia
358 880 430 936 parte
449 869 594 934 Hispaniae,
615 879 640 916 et
651 886 716 934 quae
727 883 758 916 ex
767 869 807 916 in-

32 937 108 986 aulis
119 947 224 996 constat,
247 953 361 1001 regnum
369 953 448 1002 penes
465 936 616 1001 Geryonem
625 937 683 984 fuit.
715 934 806 984 Iubae
884 939 892 990 ζ

29 1012 111 1052 tanta
123 1003 211 1068 pabuli
222 1005 317 1053 laetitia
328 1014 374 1064 est,
396 1013 432 1062 nt,
453 1004 501 1050 nisi
512 1005 665 1052 ab'stinentia
684 1004 807 1068 interpelt·

31 1073 92 1120 lata
104 1071 190 1134 sagina
200 1071 290 1130 suerit,
311 1085 403 1135 pecora
413 1080 576 1136 rumpantur.
605 1067 671 1117 Inde
681 1120 683 1124 ,
692 1067 805 1133 deniqne

30 1149 157 1186 armenta
178 1137 315 1203 Geryonis,
337 1137 471 1201 quasillis
491 1135 651 1201 temporibus
666 1138 734 1185 solae
745 1152 806 1201 opes
834 1150 849 1177 -'

29 1203 209 1264 habebantur,
228 1215 312 1252 tantae
322 1204 404 1253 lamae
414 1205 495 1264 suere,
511 1214 540 1252 ut
549 1203 692 1252 Herculem
703 1220 733 1253 ex
743 1201 806 1252 Asia
849 1246 851 1255 ,

31 1269 152 1338 praedae
171 1269 354 1334 magnitudine
375 1271 511 1322 illexerint.
553 1269 633 1319 Porro
654 1271 806 1337 Geryonem
860 1329 865 1332 .

32 1342 130 1403 ipsum
141 1354 193 1386 nou
204 1337 313 1404 triplicis
325 1326 438 1401 naiurae,
449 1349 479 1386 nt
489 1338 580 1388 fabulis
591 1337 717 1404 proditur,
727 1338 805 1386 fuisse

34 1407 144 1466 serunt,
165 1403 211 1452 sed
221 1417 272 1455 tres
288 1407 379 1454 fratres
399 1415 483 1454 tantae
504 1405 654 1454 concordiae
673 1407 805 1468 exstitisse,

37 1482 72 1522 ut
87 1487 141 1521 uno
162 1473 249 1523 animo
270 1489 359 1523 omnes
379 1474 433 1539 regi
454 1471 617 1535 viderentur3
636 1489 685 1522 nee
705 1473 807 1525 bellum

14 1528 23 1550 ⁸
37 1538 149 1589 Herculi
160 1556 205 1589 sua
225 1553 316 1607 sponte
337 1540 463 1601 intulisse,
484 1540 538 1600 sed,
559 1558 622 1590 eum
635 1554 751 1593 armenta
761 1560 807 1593 sua

36 1607 99 1675 rapi
110 1608 239 1670 vidissent,
260 1610 350 1659 amissa
360 1609 431 1658 bello
442 1610 572 1677 repetisse.
589 1613 590 1618 ’

23 1682 37 1715 :¹
113 1672 186 1724 Car.
203 1676 238 1727 V.
262 1676 322 1725 Post
332 1694 412 1741 regna
432 1675 528 1725 deinde
548 1673 703 1743 Hispaniae,
727 1678 807 1745 primi

38 1740 272 1805 Carthaginienses
298 1744 437 1811 imperium
460 1744 609 1810 provinciae
637 1761 805 1810 occrrpavere.
878 1750 881 1759 '

40 1811 113 1859 Nam
134 1826 194 1858 cerm
215 1809 337 1861 Gaditani
347 1830 361 1859 a
372 1810 449 1877 Tyro,
473 1808 544 1861 unde
555 1822 580 1860 et
590 1809 807 1877 Carthaginiensi·

39 1876 93 1925 bus
104 1878 174 1941 origo
186 1888 230 1939 est,
251 1896 322 1929 sacra
341 1878 470 1937 Herculis,
489 1894 537 1945 per
554 1865 669 1943 quiitem
686 1880 757 1938 iussi,
778 1880 807 1927 in

41 1942 197 2009 Hispaniam
207 1948 405 2007 transtulissent,
421 1946 566 2008 urbemque
576 1946 611 1992 ibi
622 1942 805 2005 condidissent,

38 2011 221 2076 invidentibus
232 2014 396 2062 incrementis
412 2009 494 2061 novae
509 2008 582 2057 urbia
591 2011 706 2058 finitimis
715 2010 805 2077 Hispa·

40 2081 102 2127 niae
113 2080 223 2144 populis,
243 2094 272 2127 ac
281 2091 415 2146 propterea
435 2074 577 2129 Gaditanos
589 2077 658 2125 bello
676 2076 808 2128 lacessen-

42 2144 125 2203 tibus,
147 2144 274 2195 auxilium
295 2146 492 2211 consanguineis
513 2142 738 2210 Carthaginienses
753 2150 807 2195 mi-

43 2225 110 2261 sere.
144 2208 274 2259 tbtfettct
294 2213 454 2279 expeditione
474 2224 498 2262 et
518 2210 660 2263 Gaditanos
670 2212 701 2261 ab
714 2215 807 2265 iniuria

44 2276 252 2339 vindicaverunt,
273 2291 298 2328 et
308 2283 435 2331 maiorem
449 2292 552 2349 partem
569 2282 715 2347 provinciae
726 2281 807 2346 impe·
849 2312 851 2315 -

45 2346 85 2395 rio
96 2362 142 2394 suo
154 2344 312 2399 adiecerunt.
346 2348 436 2398 Postea
458 2364 562 2414 quoquc
577 2347 737 2398 hortantibus
748 2350 806 2414 pri·

46 2430 104 2463 mae
116 2408 282 2480 expeditionis
292 2418 419 2482 auspiciis,
439 2416 611 2467 Hamilcarem
623 2419 807 2482 imperatorem

46 2497 110 2534 eum
118 2498 213 2547 magna
222 2499 303 2533 mann
313 2482 345 2533 ad
356 2485 531 2551 occupandam
537 2484 809 2549 provinciammisere:

47 2551 102 2613 qul,
121 2552 223 2613 magnis
233 2550 311 2600 rebus
331 2554 416 2617 gestia,
436 2549 500 2601 dum
522 2553 651 2601 fortunam
669 2550 807 2599 intentui-¹

46 2620 96 2666 tius
107 2619 231 2682 sequitur,
251 2620 278 2667 in
289 2617 394 2667 insidias
406 2614 538 2679 deductul,
549 2619 682 2668 occiditur.
711 2619 742 2667 In
753 2616 807 2668 lau·

47 2685 89 2735 ius
107 2686 197 2733 locum
215 2702 296 2749 gener
317 2685 395 2750 ipsius
414 2682 560 2735 Hasdrubal
578 2686 700 2749 mittitur3
720 2688 807 2751 quiet

48 2752 126 2823 ipses
135 2769 211 2803 serso
222 2752 329 2819 Hispani
339 2748 483 2817 cuiusdam,
501 2753 641 2804 ulciscente
650 2750 750 2803 domini
760 2754 801 2804 in-
