2075 3000
144 159 447 225 utsror'ttuvtr
467 174 544 227 un.
564 174 638 229 xvu
716 183 771 251 141

28 274 92 325 ltatia
97 269 251 331 durannus,
260 285 403 339 pararetur,
412 291 499 325 aerroa
504 293 595 327 eouun
601 282 768 331 manumittit.

28 346 56 405 lt,
70 357 104 391 ne
113 338 177 406 quid
186 340 248 389 mali
259 340 359 390 afflictia
370 340 554 392 honestissimis
565 344 686 395 domibna
694 346 768 397 deer-

28 421 59 472 et,
69 424 161 458 uxoren
171 424 263 457 eornm
269 408 383 473 tiliaeque
393 408 489 459 nubere
495 412 572 461 servia
583 412 644 473 auis,
654 416 768 479 proposi·

27 474 219 526 arecusantibue
229 485 323 537 morte,
344 478 489 543 compellit3
508 488 538 526 ut
548 494 590 527 eoa
600 478 650 527 ribi
660 480 770 539 fidiorea,

28 556 37 593 t
46 543 155 595 dominia
164 542 308 593 infectiorea
318 540 447 593 redderet.
466 540 519 592 Sed
533 548 657 595 matronis
667 557 719 595 tarn
728 550 768 597 lu·

26 610 102 659 ubres
120 610 224 675 nuptiae
243 610 373 675 graviorea
383 605 526 676 repentinis
542 612 677 662 funeribus
687 612 766 666 suere.

27 689 96 744 taque
105 680 204 727 multae
214 691 241 725 ae
251 688 313 726 ante
319 678 433 742 nuptiaa,
448 679 547 737 mitae
557 680 584 727 in
595 681 654 744 ipeia
665 683 768 745 nuptiis,

27 747 96 794 cciaia
105 745 178 811 priua
188 745 263 793 novit
271 744 378 802 maritis,
397 746 568 807 interficiunt,
588 757 650 795 etse
660 757 713 800 tam
722 747 768 797 su·
823 769 827 775 ’

25 811 293 872 teutiscalamitatibnt,
319 812 413 861 virtute
433 813 539 879 ingenui
558 810 673 879 pudoris,
694 814 770 881 eripi.

25 890 65 928 int.
83 875 214 928 Proelium
233 875 328 927 deinde
355 879 540 941 committitur,
568 896 621 946 qno
641 881 778 949 rictorty.'

25 962 104 995 annue
113 942 228 1010 captiuos
238 955 369 995 aenatorer
377 946 406 995 in
416 946 547 1014 triumphi.
553 945 661 999 modum
671 960 717 1014 per
726 966 768 999 ora

24 1013 105 1062 ieiuna
116 1009 210 1061 trahit..
231 1013 395 1062 Reveranrin
405 1012 510 1074 urbem,
530 1016 594 1064 alior
605 1016 690 1077 uincit,
711 1023 768 1067 tor·
782 1056 786 1073 ,

24 1091 70 1143 [net
79 1080 151 1139 alioa,
170 1078 234 1127 alior
242 1077 348 1143 occidit3
368 1081 458 1130 nullut
467 1081 538 1131 loona
550 1082 618 1131 urbis
638 1100 652 1131 a
671 1084 775 1143 crude·-⁴

24 1149 77 1195 itate
87 1146 193 1213 tyranni
205 1156 285 1195 vacat.
308 1145 417 1197 Accedit
426 1149 547 1197 aaevitiae
558 1148 701 1207 incolentia,
712 1165 766 1198 cru.

23 1216 108 1263 lelitati
127 1215 281 1275 arrogantia.
308 1210 444 1263 Interdum
463 1229 622 1265 exruoeerru
633 1216 768 1266 continuae

23 1281 133 1329 elicitatia
145 1279 306 1329 obliviscitur
315 1297 342 1328 se
352 1278 497 1329 bominem:
517 1281 651 1330 interdum
661 1282 730 1331 Iouis
740 1300 767 1332 ae

23 1349 90 1396 lium
100 1347 171 1396 dicit.
191 1346 270 1394 Eunti
284 1363 331 1411 per
349 1346 494 1411 publicum,
514 1364 590 1397 aurea
603 1348 687 1413 aquila
697 1351 767 1398 uelut
785 1405 789 1411 ‚

24 1415 310 1480 rgumentnm-generir
327 1412 527 1479 praeferebatur,
547 1424 615 1463 verte
630 1430 767 1480 purpurea,

25 1480 174 1531 tcothiuuir
184 1496 279 1546 regum
297 1480 463 1544 tragicorum,
484 1493 510 1530 et
518 1498 596 1531 aurea
608 1498 699 1531 corona
709 1492 767 1542 ute·-

22 1561 94 1599 tatur:
114 1549 201 1613 filiurn
210 1564 312 1612 quoque
323 1563 401 1596 auum
411 1547 550 1600 Ceraunon
560 1560 646 1607 vocat,
667 1560 695 1598 ut
707 1548 767 1614 deor

22 1613 325 1671 ionmendaciotantum,
345 1631 438 1664 rerum
458 1616 506 1665 etia
551 1616 709 1678 nominibus,
730 1617 767 1665 il-

22 1681 85 1741 ndat.
129 1682 202 1732 Haec
219 1681 296 1730 illurn
316 1680 398 1741 facere
413 1680 466 1730 duo
488 1634 642 1758 figlinum}
662 1685 769 1734 iuvenca

22 1745 91 1800 lhion
101 1761 129 1801 et
140 1747 267 1799 Leonides
277 1747 450 1811 indignantes,
471 1749 579 1814 pirulam
590 1751 722 1800 liberaturi
741 1752 767 1800 iu

22 1833 97 1867 recem
108 1817 212 1884 tyranni
232 1817 388 1882 conspirant·
420 1815 501 1864 Erant
510 1817 538 1865 hi
549 1814 670 1883 discipuli
682 1807 784 1867 Plato-²

22 1885 46 1934 iia
56 1882 220 1950 philoropbi3
236 1883 281 1952 qui
291 1883 424 1941 virtutem,
434 1879 468 1930 ad
478 1899 556 1948 quatu
570 1882 683 1948 quotidie
693 1901 767 1950 prae-

23 1954 84 2017 eptis
102 1951 221 2014 magistri
241 1947 431 2010 erudiebantur,
450 1952 548 2015 patriae
557 1951 676 2000 exhibere
688 1953 765 2014 cupi-

23 2030 83 2080 ntes,
104 2019 219 2083 quinqua
240 2017 294 2066 inta
304 2027 442 2081 cognatos,
463 2017 667 2077 veluticlienter,
689 2018 715 2064 iu
727 2018 767 2066 in·

22 2084 75 2134 idiis
94 2087 191 2135 locant·
220 2031 275 2149 lpri
294 2099 366 2133 more
385 2082 553 2146 iurgantium,
572 2081 604 2131 ad
620 2093 767 2148 tyrannum,

24 2152 85 2200 eluti
96 2151 129 2201 ad
140 2166 242 2216 regem,
262 2153 291 2200 in
312 2165 398 2198 arcem
414 2147 587 2198 contendunt:
607 2149 651 2212 qui
662 2149 717 2196 iure
727 2149 767 2197 la-

22 2220 159 2268 uiliaritatie
169 2215 284 2276 admitti,
304 2216 371 2266 dnm
392 2217 504 2264 alterurn
512 2216 627 2280 priorem
637 2213 769 2266 dicentem

22 2297 121 2336 utentur
130 2283 205 2335 audit
215 2295 353 2349 tyrannus,
373 2283 405 2331 ab
415 2283 496 2331 altero
507 2281 685 2332 obtruncatur.
715 2279 768 2331 Sed

25 2352 102 2416 tipai,
121 2353 195 2402 rociia
206 2349 303 2400 tardius
313 2347 442 2399 auxilium
460 2347 611 2406 serentibus,
631 2349 768 2398 atatelliti-

22 2435 57 2467 uu
66 2418 220 2469 obruuntur·
255 2417 342 2483 Quare
352 2417 449 2465 lactum
460 2427 506 2477 eat,
525 2425 554 2463 ut
572 2426 696 2481 tyrannus
706 2419 768 2481 qui-
828 2451 836 2456 -

22 2485 70 2536 leur
89 2484 257 2544 occideretur,
277 2481 323 2535 aed
343 2483 424 2551 patria
444 2483 670 2533 uonliberaretur.·
700 2481 768 2534 Nem

22 2564 84 2602 eater
95 2552 226 2610 Clearcbi,
247 2549 368 2619 Satyrus,
391 2549 484 2601 eadem
494 2549 708 2618 uiatyrannidern
725 2551 768 2598 iu-

23 2617 92 2679 adit3
119 2620 262 2684 multiaque
287 2621 379 2682 annia,
406 2635 456 2686 per
478 2613 574 2683 gradun
593 2617 768 2676 rucoeraiouia,

22 2684 238 2742 {eraclienmanb
250 2701 332 2751 regno
341 2697 513 2754 tyrannorum
522 2683 604 2736 fuere.

285 2791 494 2814 Μ
