2075 3000
223 187 523 273 ntsnoutsuvu
540 188 615 242 utu.
634 187 670 244 tt
791 162 838 258 2³⁹

57 295 144 356 bello,
164 292 210 346 sed
220 293 316 346 deletos
326 307 403 355 ratae,
423 297 502 344 servis
512 290 546 342 ad
555 291 697 345 custodiens
701 309 829 410 ‘petemus

55 362 164 411 relictis
184 365 296 422 nubunt,
318 364 364 428 qui
379 378 496 412 reversos
512 363 685 411 cumvictoria
719 365 828 422 ominus,

57 430 136 479 velut
146 430 266 493 advenas,
277 432 367 480 srmsti
378 429 471 478 fluibus
482 427 630 495 prohibent.
656 428 828 494 Quibuscum

55 499 134 546 varia
153 500 259 547 victoris
279 498 377 558 suisset,
397 496 571 546 admonentur
590 493 707 561 Scythae,
727 507 830 546 mutare

56 579 147 627 genus
156 581 269 630 pugnae,
289 580 427 625 memores,
443 582 496 613 non
507 577 568 613 cum
579 561 703 625 hostibus,
714 561 760 612 sed
768 579 828 612 curn

58 633 142 680 servis
154 630 351 696 proeliandum
371 647 419 680 nec
438 646 580 690 armorum,
600 629 646 678 sed
661 629 831 680 dominorum
863 673 865 677 ,

57 698 116 746 iure
131 697 288 748 vincendos:
304 697 408 748 verbere
419 700 445 747 iu
457 702 547 759 aciem,
562 697 675 746 uontela
686 695 827 758 afferenda,

58 766 211 830 omissoque
220 766 296 827 ferro,
315 767 400 832 virgas
411 781 438 815 ac
449 768 562 832 flagella.
582 779 716 829 ceteraque
726 765 828 814 servilis

57 843 146 880 metus
157 833 272 896 paranda
283 831 461 882 instrumenta.
471 831 476 834 ’
486 834 597 883 Probato
607 851 698 894 ornnes
709 832 826 893 consilio,

57 900 190 956 instructi,
204 901 268 948 sicut
278 913 444 966 praeceptum
455 913 515 960 erut,
535 915 671 967 postquam
682 901 715 952 ad
724 901 826 951 bostem

59 972 206 1026 accesseie,
225 967 417 1032 inopinantibus
433 967 539 1017 verbera
549 969 690 1032 intentant3
710 967 827 1034 adeoque

58 1031 117 1081 illos
130 1034 312 1099 perculerunt,¹
328 1045 371 1096 ut,
391 1036 533 1099 quesierro
543 1027 596 1085 nob
606 1047 731 1102 poterant,
753 1047 825 1085 metu

58 1097 201 1149 verberum
215 1101 358 1150 vincerent:
377 1101 532 1168 fugamque,
554 1093 607 1152 uon
623 1116 653 1152 ut
662 1103 747 1152 hostes
756 1103 824 1162 victi,

57 1167 104 1216 sed
119 1178 151 1216 ut
161 1167 266 1230 fugitivi
286 1171 365 1230 servi,
386 1181 555 1234 capesserent.
591 1171 749 1237 Quicunque
769 1171 825 1234 capi

58 1245 209 1300 potuerunt,
221 1236 346 1301 supplicia
357 1235 475 1286 crucibus
485 1238 597 1288 luerunt.
627 1234 749 1286 Mulieres
760 1253 825 1300 quo·

59 1316 109 1364 que
120 1303 189 1350 male
200 1301 247 1349 sibi
266 1302 387 1365 consciae,
406 1304 500 1366 partim
510 1305 588 1364 ferro,
607 1306 702 1371 partim
717 1319 825 1368 suspen·

60 1368 113 1427 dio,
135 1369 218 1418 vitum
237 1369 368 1419 finierunt.
403 1369 464 1418 Post
485 1369 547 1419 haec
566 1389 617 1437 pax
633 1369 709 1434 apud'
718 1369 825 1436 Scythas

59 1434 118 1495 suit,
139 1451 223 1507 usque
233 1447 349 1502 tempora
357 1433 461 1502 ⁴Iunc‘yri
471 1438 549 1499 regis.
577 1437 645 1484 Huic
655 1437 758 1498 Darius,
779 1450 825 1486 rex

61 1500 209 1561 Persarum,
229 1504 294 1552 sicut
312 1520 389 1569 supra
410 1502 511 1551 dictum
532 1514 583 1562 est,
603 1519 663 1553 cuns
683 1504 750 1553 fiiia'e
771 1506 826 1553 aius
879 1510 885 1513 ”

34 1625 37 1629 ,
61 1574 169 1638 nuptias
184 1586 238 1619 non
257 1569 416 1629 obtinuisset,
436 1569 542 1623 bellum.
556 1571 657 1622 intulit:
678 1583 703 1620 et
721 1574 826 1621 armatis

62 1638 229 1703 septingentis
250 1637 365 1686 millibus
385 1636 524 1685 hominum
539 1638 672 1704 Scythiam
685 1640 824 1703 ingressus,

63 1724 114 1755 non
125 1703 277 1754 facientibus
287 1703 403 1753 hostibus
413 1721 515 1770 pugnae
526 1716 684 1771 potestatem,
697 1717 823 1766 metuens,

63 1790 105 1833 ne,
123 1773 268 1837 interrupto
288 1782 367 1837 ponto
386 1772 453 1827 istri,
470 1769 568 1822 reditus
577 1773 624 1822 sibi
634 1772 822 1823 intercludere-

63 1852 113 1899 tur,
134 1838 234 1889 emistis
245 1836 499 1902 octogiuta.millihus
510 1838 646 1889 hominurn
657 1838 772 1906 trepidus
782 1856 825 1889 re·

62 1909 140 1975 sugit:
167 1920 232 1971 quse
252 1907 362 1963 iactura,
382 1903 731 1965 abundantemultitudine,
754 1908 823 1963 iuter
891 1903 894 1910 “

63 1975 158 2027 damna
179 1984 315 2021 numerata
334 1984 443 2021 nonest.
478 1974 543 2023 lude
558 1973 648 2024 Asiam
664 1986 690 2023 et
702 1973 824 2023 Macedo-

62 2044 134 2091 uism
145 2040 259 2094 domuit:
280 2040 355 2089 Ionas
375 2056 478 2105 quoque
497 2042 583 2090 navali
599 2044 821 2156 proeliosuperst.

31 2150 32 2157 ,
62 2106 165 2159 Deinde
185 2107 300 2173 cognito,
320 2107 391 2171 quod
409 2103 578 2157 Athenienses
613 2108 678 2157 oniis
696 2109 823 2158 auxilium

62 2188 149 2226 contra
169 2191 197 2225 se
217 2174 352 2239 tulissent,
377 2190 483 2225 omnem
504 2175 634 2242 impetum
651 2173 715 2223 betti
733 2175 761 2222 in
780 2192 809 2225 eo

63 2243 199 2293 convertit.
516 2277 517 2280 ,
798 2252 813 2267 ‘¹
848 2239 861 2294 fl

130 2308 204 2360 (its.
224 2305 272 2361 Vl.
298 2308 389 2371 Nunc,
409 2310 533 2376 quoniam
550 2306 583 2359 ad
596 2308 664 2357 bellu
679 2304 822 2358 Athenien-

65 2378 130 2428 sium
140 2387 247 2427 ventum
259 2387 308 2436 est,
324 2383 390 2441 'quse
409 2396 460 2426 nou
472 2374 552 2425 modo
562 2377 629 2425 ultra
639 2391 711 2441 spem
722 2392 820 2439 geren-

59 2442 100 2503 ili,
117 2460 210 2494 verum
220 2445 296 2492 etiam
306 2446 373 2501 ultra
384 2444 447 2508 gesti
459 2442 546 2505 fidem,
565 2455 663 2509 patratu
674 2455 742 2503 suut,
761 2459 823 2509 ope·

67 2522 141 2577 taque
150 2508 352 2560 Atheniensium
363 2514 453 2560 effectu
464 2510 569 2570 maiore,
588 2527 667 2575 quam
677 2520 745 2570 vote,
764 2510 822 2557 fue-

67 2590 105 2629 re:
122 2580 211 2645 paucis
231 2577 384 2643 urbicorigo
401 2577 545 2645 repetenda
563 2590 613 2639 est,
633 2578 692 2641 quis
711 2593 773 2632 nou,
792 2585 821 2624 ut
865 2576 867 2580 ’

67 2657 160 2698 ceterae
179 2656 275 2713 gentes,
294 2642 429 2698 ssorslidis
449 2643 529 2703 initiis
542 2643 576 2695 ad
589 2660 691 2695 summa
707 2656 813 2691 crevere
