2075 3000
203 187 502 242 HISTORIARVM
527 187 603 240 LlB.
627 189 674 241 Vl.
703 246 705 251 ,
785 199 823 254 63

42 312 44 321 ,
63 290 214 340 moniorum
233 290 359 351 fortuna,
371 308 421 356 qna
432 303 576 356 pugnatum
587 289 708 341 adversus
718 290 824 344 Conona

59 359 145 407 navali
156 358 256 423 proelio
266 359 357 408 suerat.
386 359 417 406 ln
428 374 458 406 eo
470 360 537 408 bello
548 356 696 424 Lysander,
715 376 766 422 quo
776 361 824 410 ‹lu-

58 441 87 474 ce
98 423 227 474 Athenien
257 427 342 488 evicti
363 422 596 474 aLaeedaemooiis
615 425 724 486 fuerant,
744 429 826 476 inter-

58 493 152 542 ficitur.
182 489 320 542 Pausanias
331 510 447 558 quoque,
467 495 533 542 alter
542 492 597 541 dux
608 488 825 544 Lacedaemonio·

57 577 126 619 rum,
146 557 302 624 proditionis
314 571 451 622 aestuatus,
472 561 499 608 in
510 561 631 608 exsilium
642 559 712 609 abiit.
743 561 825 627 Igitur

56 627 186 686 Thebani,
208 628 284 694 potiti
305 629 445 688 victoriam,
465 629 619 690 uuiversum
635 630 776 677 exercitum
791 631 823 681 ad

57 695 151 744 orbem
163 693 429 744 Lacedaemoniorum
439 692 547 754 ducunt,
565 688 671 744 sacile'm
691 711 824 760 expugua-

55 765 157 812 tionem
168 763 227 822 rati,
248 763 371 826 qnoniam
382 763 475 811 deserti
485 781 499 810 a
513 763 588 812 sociis
597 761 720 810 omnibns
739 774 824 814 erant:

56 830 129 895 qn'od
139 839 287 879 metuentes
305 828 511 888 Lacedaemonii,
531 843 621 892 regem
637 844 715 878 suum
723 826 822 895 Agesi-

54 899 129 946 laum
138 913 172 946 ex
182 896 253 957 Asia,
274 899 318 962 qni
337 897 374 946 ibi
384 913 489 962 magnas
509 912 549 944 res
557 894 668 962 gerebat,
688 895 722 946 ad
732 895 821 947 desen·
867 897 873 903 ’

54 963 156 1014 sionem
177 966 274 1029 patriae
293 977 431 1014 arcessunt
468 961 562 1012 Occiso
586 965 659 1012 enim
677 963 820 1030 Lysandro,
867 1023 874 1035 „

53 1033 154 1081 nullius
166 1031 273 1080 alterins
283 1031 402 1081 fiduciam
413 1030 486 1080 ducis
496 1029 634 1080 habebant.
662 1029 743 1080 Cuius
756 1048 819 1097 quo-

53 1103 126 1148 niam
143 1097 218 1147 serus
238 1096 369 1165 adventus
382 1109 445 1156 erat,
465 1098 609 1162 conscripto
631 1100 755 1162 eremita,
774 1099 821 1148 ob·

52 1169 127 1217 riam
138 1165 207 1215 hosti
217 1166 368 1230 procedunt.
398 1163 451 1220 Sed
462 1167 534 1215 victis
545 1165 665 1214 adversus
675 1167 752 1230 paulo
763 1178 822 1216 ante

53 1237 167 1285 victores
183 1248 231 1281 neo
250 1234 351 1281 animus
361 1249 444 1296 neque
459 1233 527 1282 vires
536 1232 703 1296 paresfuere.
734 1233 822 1283 PrIma

50 1301 137 1368 igitur
149 1302 330 1365 congressione
351 1299 506 1349 funduntur.
535 1299 633 1349 Del'etis
648 1301 700 1348 iam
715 1315 823 1348 suorum

50 1370 147 1436 copiis,
173 1383 203 1415 su
223 1369 320 1416 ervenit
331 1383 375 1417 rex
387 1365 539 1430 Agesilaus,
562 1367 822 1430 quirestitutoproe-
855 1385 859 1388 ·

51 1439 97 1494 lio,
121 1452 177 1484 non
197 1385 345 1496 difficulter,
366 1433 601 1482 recentiotmultis
615 1429 824 1495 expeditionibus

51 1504 181 1557 indurato
191 1504 285 1561 milite,
305 1501 420 1555 hostibus
430 1499 564 1549 victoriam
584 1496 695 1563 eripuit5
716 1499 772 1564 ipse
782 1510 824 1549 ta.

50 1588 116 1623 meu
130 1570 386 1633 gravitersauoiatur.
686 1616 691 1622 ‚
735 1619 739 1622 μ

127 1636 202 1686 Cns.
219 1636 253 1687 V.
280 1634 384 1699 Quibus
401 1631 478 1681 rebus
498 1633 625 1699 cognitis,
646 1630 833 1686 'Athenienses

52 1716 193 1763 verentes,
216 1718 262 1764 ne,
287 1702 381 1751 iterum
396 1699 609 1751 Lacedaemoniis
624 1703 775 1766 victoribus,
795 1705 823 1752 in
847 1704 851 1708 ’

51 1773 196 1841 pristinam
211 1780 308 1819 sortem
328 1770 456 1831 servitutis
475 1766 662 1833 redigerentur,
683 1773 823 1821 exereitum

52 1837 224 1897 contrahunt,
236 1852 346 1899 sumque
358 1837 385 1883 in
395 1836 522 1885 auxilium
528 1836 690 1887 Boeotiorum
702 1836 824 1905 periphi-

53 1918 168 1963 cratem,
188 1904 280 1969 viginti
300 1903 410 1969 quidem
429 1920 509 1952 annos
529 1916 629 1964 natum,
649 1903 694 1954 sed
711 1922 822 1969 magnae

53 1974 156 2031 indolis
177 1971 312 2028 iuvenem,
343 1968 403 2019 (luci
426 1970 524 2037 iubenti
551 1973 637 2021 Huius
656 1970 823 2024 adolescents
843 1993 846 1996 ‘

54 2058 138 2107 snpra
152 2049 262 2088 aetatem
281 2040 363 2087 virtus
381 2036 544 2087 edmirabilis
562 2039 624 2101 snit3
643 2054 822 2102 necunquam

54 2119 117 2159 ante
127 2122 191 2155 enm
201 2102 378 2165 Athenienses,
399 2106 463 2153 inter
479 2114 515 2153 tot
527 2116 662 2169 tantosque
672 2102 759 2164 duces,
779 2113 823 2153 rut

5 2184 6 2187 ’
54 2178 113 2243 spei
126 2173 231 2223 maioris
241 2184 287 2221 aut
297 2171 391 2221 indolis
410 2174 559 2222 maturioris
570 2174 753 2238 imperatorem
773 2168 823 2219 lra-

56 2242 187 2303 buerunt5
207 2240 233 2288 in
245 2256 297 2305 quo
306 2256 358 2287 non
371 2240 551 2305 imperatoriae
561 2250 675 2295 tantnm,
694 2252 787 2285 rerum
797 2246 823 2286 et

57 2310 184 2361 oratoriae
203 2318 269 2355 artes
279 2306 358 2355 fuere.
377 2302 478 2364 ,Conon
499 2322 611 2370 quoque,
630 2303 718 2352 audito
736 2302 822 2353 reditu

56 2373 183 2443 Agesilai,
202 2381 228 2421 et
246 2374 300 2439 ipse
311 2390 343 2423 ea
362 2373 422 2424 Asia
441 2370 474 2421 ad
485 2369 680 2438 depopulandos
690 2369 821 2421 Lacedae-

17 2485 21 2501 .
55 2446 210 2494 moniorurn
221 2456 296 2505 agros
306 2442 456 2501 revertitur3
477 2440 611 2503 atque'ita,
633 2436 748 2503 undique
767 2437 823 2487 bel·

55 2512 74 2562 li
85 2507 233 2560 formidine
243 2508 391 2557 eirctnnstre
410 2516 476 2567 ente,
488 2507 567 2555 clausi
578 2506 697 2570 Spartani
707 2504 741 2555 ad
750 2518 823 2557 snm·

52 2596 130 2631 mam
141 2574 349 2639 desperationem
359 2526 519 2641 rediguntur.
549 2572 601 2623 Sed
612 2572 718 2632 Conon,
737 2581 821 2633 rate·

51 2632 441 2708 tish'ostinmterris,'altltenas
450 2640 550 2712 pergite
568 2636 820 2707 ubimagnoeirittn
905 2639 909 2643 ’
932 2675 936 2684 .

565 2892 581 2927 6
