<?xml version="1.0" encoding="UTF-8"?>
<!DOCTYPE html PUBLIC "-//W3C//DTD XHTML 1.0 Transitional//EN"
    "http://www.w3.org/TR/xhtml1/DTD/xhtml1-transitional.dtd">
<html xmlns="http://www.w3.org/1999/xhtml" xml:lang="en" lang="en">
 <head>
  <title>
</title>
<meta http-equiv="Content-Type" content="text/html;charset=utf-8" />
  <meta name='ocr-system' content='tesseract 3.04.00' />
  <meta name='ocr-capabilities' content='ocr_page ocr_carea ocr_par ocr_line ocrx_word'/>
</head>
<body>
  <div class='ocr_page' id='page_1' title='image "./iustinihistoria00justgoog_0208.png"; bbox 0 0 2075 3000; ppageno 0'>
   <div class='ocr_carea' id='block_1_1' title="bbox 139 205 795 275">
    <p class='ocr_par' dir='ltr' id='par_1_1' title="bbox 139 205 795 275">
     <span class='ocr_line' id='line_1_1' title="bbox 139 205 795 275; baseline 0.009 -16"><span class='ocrx_word' id='word_1_1' title='bbox 139 207 434 270; x_wconf 74' lang='lat' dir='ltr'>ursrouranvu</span> <span class='ocrx_word' id='word_1_2' title='bbox 457 209 535 265; x_wconf 79' lang='lat' dir='ltr'>tra.</span> <span class='ocrx_word' id='word_1_3' title='bbox 555 205 668 266; x_wconf 77' lang='lat' dir='ltr'>xxm.</span> <span class='ocrx_word' id='word_1_4' title='bbox 738 215 795 275; x_wconf 73' lang='lat' dir='ltr'>see</span> 
     </span>
    </p>
   </div>
   <div class='ocr_carea' id='block_1_2' title="bbox 28 289 794 448">
    <p class='ocr_par' dir='ltr' id='par_1_2' title="bbox 28 289 794 448">
     <span class='ocr_line' id='line_1_2' title="bbox 29 289 794 380; baseline 0.004 -19"><span class='ocrx_word' id='word_1_5' title='bbox 29 289 127 380; x_wconf 81' lang='lat' dir='ltr'>quibus</span> <span class='ocrx_word' id='word_1_6' title='bbox 138 313 261 364; x_wconf 77' lang='lat' dir='ltr'>auxilium</span> <span class='ocrx_word' id='word_1_7' title='bbox 272 313 326 362; x_wconf 83' lang='lat' dir='ltr'>eiua</span> <span class='ocrx_word' id='word_1_8' title='bbox 336 314 466 378; x_wconf 81' lang='lat' dir='ltr'>implorat,</span> <span class='ocrx_word' id='word_1_9' title='bbox 486 311 572 364; x_wconf 81' lang='lat' dir='ltr'>oblata</span> <span class='ocrx_word' id='word_1_10' title='bbox 583 314 613 364; x_wconf 83' lang='lat' dir='ltr'>ei</span> <span class='ocrx_word' id='word_1_11' title='bbox 631 311 708 375; x_wconf 77' lang='lat' dir='ltr'>Asia,</span> <span class='ocrx_word' id='word_1_12' title='bbox 727 297 794 364; x_wconf 80' lang='lat' dir='ltr'>inter</span> 
     </span>
     <span class='ocr_line' id='line_1_3' title="bbox 28 379 792 448; baseline 0 -19"><span class='ocrx_word' id='word_1_13' title='bbox 28 384 95 429; x_wconf 87' lang='lat' dir='ltr'>fines</span> <span class='ocrx_word' id='word_1_14' title='bbox 108 381 188 430; x_wconf 88' lang='lat' dir='ltr'>Tauri</span> <span class='ocrx_word' id='word_1_15' title='bbox 198 383 301 440; x_wconf 87' lang='lat' dir='ltr'>montis,</span> <span class='ocrx_word' id='word_1_16' title='bbox 321 383 347 430; x_wconf 88' lang='lat' dir='ltr'>in</span> <span class='ocrx_word' id='word_1_17' title='bbox 359 383 505 446; x_wconf 87' lang='lat' dir='ltr'>praemium</span> <span class='ocrx_word' id='word_1_18' title='bbox 514 381 581 432; x_wconf 87' lang='lat' dir='ltr'>latae</span> <span class='ocrx_word' id='word_1_19' title='bbox 589 381 654 448; x_wconf 83' lang='lat' dir='ltr'>opis.</span> <span class='ocrx_word' id='word_1_20' title='bbox 693 379 792 432; x_wconf 81' lang='lat' dir='ltr'>Antio-</span> 
     </span>
    </p>
   </div>
   <div class='ocr_carea' id='block_1_3' title="bbox 29 447 891 514">
    <p class='ocr_par' dir='ltr' id='par_1_3' title="bbox 29 447 891 514">
     <span class='ocr_line' id='line_1_4' title="bbox 29 447 891 514; baseline -0.005 -18"><span class='ocrx_word' id='word_1_21' title='bbox 29 447 95 496; x_wconf 86' lang='lat' dir='ltr'>chus</span> <span class='ocrx_word' id='word_1_22' title='bbox 106 459 194 498; x_wconf 89' lang='lat' dir='ltr'>autem</span> <span class='ocrx_word' id='word_1_23' title='bbox 205 463 266 498; x_wconf 82' lang='lat' dir='ltr'>curn</span> <span class='ocrx_word' id='word_1_24' title='bbox 276 460 341 497; x_wconf 83' lang='lat' dir='ltr'>esset</span> <span class='ocrx_word' id='word_1_25' title='bbox 351 465 430 498; x_wconf 84' lang='lat' dir='ltr'>annea</span> <span class='ocrx_word' id='word_1_26' title='bbox 441 465 483 497; x_wconf 76' lang='lat' dir='ltr'>xre</span> <span class='ocrx_word' id='word_1_27' title='bbox 494 461 578 511; x_wconf 86' lang='lat' dir='ltr'>natus,</span> <span class='ocrx_word' id='word_1_28' title='bbox 595 464 673 514; x_wconf 86' lang='lat' dir='ltr'>auprs</span> <span class='ocrx_word' id='word_1_29' title='bbox 684 459 793 498; x_wconf 86' lang='lat' dir='ltr'>aetatem</span> <span class='ocrx_word' id='word_1_30' title='bbox 884 477 891 492; x_wconf 74' lang='grc'>.</span> 
     </span>
    </p>
   </div>
   <div class='ocr_carea' id='block_1_4' title="bbox 27 512 794 1051">
    <p class='ocr_par' dir='ltr' id='par_1_4' title="bbox 27 512 794 1051">
     <span class='ocr_line' id='line_1_5' title="bbox 28 512 793 581; baseline 0.003 -19"><span class='ocrx_word' id='word_1_31' title='bbox 28 513 102 579; x_wconf 86' lang='lat' dir='ltr'>regni</span> <span class='ocrx_word' id='word_1_32' title='bbox 115 512 213 574; x_wconf 73' lang='lat' dir='ltr'>aridus,</span> <span class='ocrx_word' id='word_1_33' title='bbox 234 516 391 565; x_wconf 75' lang='lat' dir='ltr'>occasionem</span> <span class='ocrx_word' id='word_1_34' title='bbox 402 533 455 564; x_wconf 85' lang='lat' dir='ltr'>non</span> <span class='ocrx_word' id='word_1_35' title='bbox 466 526 521 565; x_wconf 86' lang='lat' dir='ltr'>tam</span> <span class='ocrx_word' id='word_1_36' title='bbox 529 517 574 581; x_wconf 89' lang='lat' dir='ltr'>pio</span> <span class='ocrx_word' id='word_1_37' title='bbox 593 517 693 577; x_wconf 84' lang='lat' dir='ltr'>animo,</span> <span class='ocrx_word' id='word_1_38' title='bbox 714 530 793 579; x_wconf 85' lang='lat' dir='ltr'>quam</span> 
     </span>
     <span class='ocr_line' id='line_1_6' title="bbox 30 581 794 648; baseline 0.003 -20"><span class='ocrx_word' id='word_1_39' title='bbox 30 581 193 640; x_wconf 84' lang='lat' dir='ltr'>offerebatur,</span> <span class='ocrx_word' id='word_1_40' title='bbox 213 583 333 648; x_wconf 76' lang='lat' dir='ltr'>arripuit3</span> <span class='ocrx_word' id='word_1_41' title='bbox 348 581 394 632; x_wconf 87' lang='lat' dir='ltr'>sed</span> <span class='ocrx_word' id='word_1_42' title='bbox 405 583 599 632; x_wconf 84' lang='lat' dir='ltr'>latr·onie·more</span> <span class='ocrx_word' id='word_1_43' title='bbox 618 593 703 631; x_wconf 89' lang='lat' dir='ltr'>totum</span> <span class='ocrx_word' id='word_1_44' title='bbox 721 582 794 630; x_wconf 70' lang='lat' dir='ltr'>trani</span> 
     </span>
     <span class='ocr_line' id='line_1_7' title="bbox 31 648 793 714; baseline 0 -19"><span class='ocrx_word' id='word_1_45' title='bbox 31 650 262 714; x_wconf 85' lang='lat' dir='ltr'>eriperecupicns,</span> <span class='ocrx_word' id='word_1_46' title='bbox 287 666 351 714; x_wconf 89' lang='lat' dir='ltr'>puer</span> <span class='ocrx_word' id='word_1_47' title='bbox 369 651 518 698; x_wconf 75' lang='lat' dir='ltr'><strong>sceleratam</strong></span> <span class='ocrx_word' id='word_1_48' title='bbox 539 651 693 714; x_wconf 80' lang='lat' dir='ltr'>virilemque</span> <span class='ocrx_word' id='word_1_49' title='bbox 712 648 793 698; x_wconf 85' lang='lat' dir='ltr'>sumit</span> 
     </span>
     <span class='ocr_line' id='line_1_8' title="bbox 29 711 792 780; baseline 0.003 -16"><span class='ocrx_word' id='word_1_50' title='bbox 29 711 191 772; x_wconf 74' lang='lat' dir='ltr'>audaciam-¹</span> <span class='ocrx_word' id='word_1_51' title='bbox 212 713 288 764; x_wconf 85' lang='lat' dir='ltr'>Unde</span> <span class='ocrx_word' id='word_1_52' title='bbox 310 716 420 766; x_wconf 73' lang='lat' dir='ltr'>Hieran</span> <span class='ocrx_word' id='word_1_53' title='bbox 436 727 473 764; x_wconf 82' lang='lat' dir='ltr'>ert</span> <span class='ocrx_word' id='word_1_54' title='bbox 491 717 701 780; x_wconf 70' lang='lat' dir='ltr'>cognominatus-5</span> <span class='ocrx_word' id='word_1_55' title='bbox 731 716 792 779; x_wconf 84' lang='lat' dir='ltr'>quia</span> 
     </span>
     <span class='ocr_line' id='line_1_9' title="bbox 28 779 792 848; baseline 0.003 -18"><span class='ocrx_word' id='word_1_56' title='bbox 28 799 81 832; x_wconf 89' lang='lat' dir='ltr'>non</span> <span class='ocrx_word' id='word_1_57' title='bbox 94 782 216 844; x_wconf 85' lang='lat' dir='ltr'>hominis,</span> <span class='ocrx_word' id='word_1_58' title='bbox 232 779 276 832; x_wconf 87' lang='lat' dir='ltr'>sed</span> <span class='ocrx_word' id='word_1_59' title='bbox 285 783 414 848; x_wconf 76' lang='lat' dir='ltr'>accipitris</span> <span class='ocrx_word' id='word_1_60' title='bbox 423 783 487 842; x_wconf 88' lang='lat' dir='ltr'>ritu,</span> <span class='ocrx_word' id='word_1_61' title='bbox 507 785 536 832; x_wconf 89' lang='lat' dir='ltr'>in</span> <span class='ocrx_word' id='word_1_62' title='bbox 545 782 632 832; x_wconf 86' lang='lat' dir='ltr'>alienis</span> <span class='ocrx_word' id='word_1_63' title='bbox 653 779 792 848; x_wconf 75' lang='lat' dir='ltr'>eripiendis</span> 
     </span>
     <span class='ocr_line' id='line_1_10' title="bbox 29 848 792 916; baseline 0.003 -20"><span class='ocrx_word' id='word_1_64' title='bbox 29 852 113 898; x_wconf 82' lang='lat' dir='ltr'>vitam</span> <span class='ocrx_word' id='word_1_65' title='bbox 123 861 270 900; x_wconf 82' lang='lat' dir='ltr'>sectaretur.</span> <span class='ocrx_word' id='word_1_66' title='bbox 286 848 385 898; x_wconf 81' lang='lat' dir='ltr'>Interea</span> <span class='ocrx_word' id='word_1_67' title='bbox 398 850 561 900; x_wconf 87' lang='lat' dir='ltr'>Ptolemaeus</span> <span class='ocrx_word' id='word_1_68' title='bbox 571 852 719 916; x_wconf 59' lang='lat' dir='ltr'>Evergeteq</span> <span class='ocrx_word' id='word_1_69' title='bbox 730 864 792 898; x_wconf 86' lang='lat' dir='ltr'>cum</span> 
     </span>
     <span class='ocr_line' id='line_1_11' title="bbox 27 913 792 983; baseline 0 -18"><span class='ocrx_word' id='word_1_70' title='bbox 27 913 188 967; x_wconf 80' lang='lat' dir='ltr'>Antiochum</span> <span class='ocrx_word' id='word_1_71' title='bbox 198 917 226 966; x_wconf 92' lang='lat' dir='ltr'>in</span> <span class='ocrx_word' id='word_1_72' title='bbox 237 916 363 968; x_wconf 83' lang='lat' dir='ltr'>auxilium</span> <span class='ocrx_word' id='word_1_73' title='bbox 375 917 484 968; x_wconf 84' lang='lat' dir='ltr'>Seleuco</span> <span class='ocrx_word' id='word_1_74' title='bbox 514 919 601 967; x_wconf 71' lang='lat' dir='ltr'>uenire</span> <span class='ocrx_word' id='word_1_75' title='bbox 618 917 792 983; x_wconf 73' lang='lat' dir='ltr'>cognovisset,</span> 
     </span>
     <span class='ocr_line' id='line_1_12' title="bbox 27 982 793 1051; baseline 0.003 -21"><span class='ocrx_word' id='word_1_76' title='bbox 27 999 61 1032; x_wconf 88' lang='lat' dir='ltr'>ne</span> <span class='ocrx_word' id='word_1_77' title='bbox 70 999 136 1033; x_wconf 89' lang='lat' dir='ltr'>cum</span> <span class='ocrx_word' id='word_1_78' title='bbox 146 982 246 1040; x_wconf 78' lang='lat' dir='ltr'>dtrobue</span> <span class='ocrx_word' id='word_1_79' title='bbox 256 1000 309 1033; x_wconf 81' lang='lat' dir='ltr'>uno</span> <span class='ocrx_word' id='word_1_80' title='bbox 320 994 434 1051; x_wconf 82' lang='lat' dir='ltr'>tempore</span> <span class='ocrx_word' id='word_1_81' title='bbox 445 983 590 1044; x_wconf 77' lang='lat' dir='ltr'>dimicaret,</span> <span class='ocrx_word' id='word_1_82' title='bbox 617 986 645 1033; x_wconf 86' lang='lat' dir='ltr'>in</span> <span class='ocrx_word' id='word_1_83' title='bbox 655 1001 736 1035; x_wconf 90' lang='lat' dir='ltr'>annos</span> <span class='ocrx_word' id='word_1_84' title='bbox 747 983 793 1034; x_wconf 90' lang='lat' dir='ltr'>de·</span> 
     </span>
    </p>
   </div>
   <div class='ocr_carea' id='block_1_5' title="bbox 26 1049 883 1116">
    <p class='ocr_par' dir='ltr' id='par_1_5' title="bbox 26 1049 883 1116">
     <span class='ocr_line' id='line_1_13' title="bbox 26 1049 883 1116; baseline 0.006 -20"><span class='ocrx_word' id='word_1_85' title='bbox 26 1065 85 1098; x_wconf 88' lang='lat' dir='ltr'>cem</span> <span class='ocrx_word' id='word_1_86' title='bbox 97 1066 157 1098; x_wconf 91' lang='lat' dir='ltr'>cum</span> <span class='ocrx_word' id='word_1_87' title='bbox 168 1049 275 1102; x_wconf 87' lang='lat' dir='ltr'>Seleuco</span> <span class='ocrx_word' id='word_1_88' title='bbox 286 1052 456 1116; x_wconf 83' lang='lat' dir='ltr'>paoemsacit:</span> <span class='ocrx_word' id='word_1_89' title='bbox 476 1051 522 1101; x_wconf 85' lang='lat' dir='ltr'>sed</span> <span class='ocrx_word' id='word_1_90' title='bbox 531 1067 580 1116; x_wconf 83' lang='lat' dir='ltr'>pax</span> <span class='ocrx_word' id='word_1_91' title='bbox 590 1050 621 1100; x_wconf 84' lang='lat' dir='ltr'>ab</span> <span class='ocrx_word' id='word_1_92' title='bbox 639 1051 711 1108; x_wconf 83' lang='lat' dir='ltr'>hoste</span> <span class='ocrx_word' id='word_1_93' title='bbox 733 1049 806 1103; x_wconf 66' lang='lat' dir='ltr'>data.</span> <span class='ocrx_word' id='word_1_94' title='bbox 880 1110 883 1112; x_wconf 15' lang='lat' dir='ltr'>v</span> 
     </span>
    </p>
   </div>
   <div class='ocr_carea' id='block_1_6' title="bbox 26 1113 862 2720">
    <p class='ocr_par' dir='ltr' id='par_1_6' title="bbox 26 1113 862 2720">
     <span class='ocr_line' id='line_1_14' title="bbox 26 1113 790 1183; baseline -0.001 -17"><span class='ocrx_word' id='word_1_95' title='bbox 26 1118 208 1183; x_wconf 66' lang='lat' dir='ltr'>interpellatur</span> <span class='ocrx_word' id='word_1_96' title='bbox 218 1135 232 1166; x_wconf 88' lang='lat' dir='ltr'>a</span> <span class='ocrx_word' id='word_1_97' title='bbox 243 1113 332 1179; x_wconf 64' lang='lat' dir='ltr'>fratre}</span> <span class='ocrx_word' id='word_1_98' title='bbox 361 1119 406 1183; x_wconf 90' lang='lat' dir='ltr'>qni</span> <span class='ocrx_word' id='word_1_99' title='bbox 424 1118 552 1167; x_wconf 86' lang='lat' dir='ltr'>conducto</span> <span class='ocrx_word' id='word_1_100' title='bbox 568 1118 707 1170; x_wconf 75' lang='lat' dir='ltr'>Gallorum</span> <span class='ocrx_word' id='word_1_101' title='bbox 724 1133 790 1166; x_wconf 88' lang='lat' dir='ltr'>mer-</span> 
     </span>
     <span class='ocr_line' id='line_1_15' title="bbox 28 1183 789 1251; baseline 0 -20"><span class='ocrx_word' id='word_1_102' title='bbox 28 1186 132 1234; x_wconf 84' lang='lat' dir='ltr'>cenario</span> <span class='ocrx_word' id='word_1_103' title='bbox 144 1187 264 1244; x_wconf 80' lang='lat' dir='ltr'>exercitu,</span> <span class='ocrx_word' id='word_1_104' title='bbox 284 1202 331 1251; x_wconf 88' lang='lat' dir='ltr'>pro</span> <span class='ocrx_word' id='word_1_105' title='bbox 343 1186 435 1236; x_wconf 83' lang='lat' dir='ltr'>auxilio</span> <span class='ocrx_word' id='word_1_106' title='bbox 444 1184 563 1244; x_wconf 84' lang='lat' dir='ltr'>bellum,</span> <span class='ocrx_word' id='word_1_107' title='bbox 574 1202 622 1250; x_wconf 86' lang='lat' dir='ltr'>pro</span> <span class='ocrx_word' id='word_1_108' title='bbox 638 1185 718 1233; x_wconf 76' lang='lat' dir='ltr'>fratre</span> <span class='ocrx_word' id='word_1_109' title='bbox 736 1183 789 1232; x_wconf 86' lang='lat' dir='ltr'>ho·</span> 
     </span>
     <span class='ocr_line' id='line_1_16' title="bbox 27 1250 790 1316; baseline 0.001 -18"><span class='ocrx_word' id='word_1_110' title='bbox 27 1263 103 1308; x_wconf 88' lang='lat' dir='ltr'>stem,</span> <span class='ocrx_word' id='word_1_111' title='bbox 116 1253 266 1316; x_wconf 75' lang='lat' dir='ltr'>imploratus</span> <span class='ocrx_word' id='word_1_112' title='bbox 277 1251 403 1301; x_wconf 81' lang='lat' dir='ltr'>exhibuit.</span> <span class='ocrx_word' id='word_1_113' title='bbox 416 1252 448 1300; x_wconf 51' lang='lat' dir='ltr'>¹In</span> <span class='ocrx_word' id='word_1_114' title='bbox 466 1268 497 1300; x_wconf 92' lang='lat' dir='ltr'>eo</span> <span class='ocrx_word' id='word_1_115' title='bbox 507 1254 605 1316; x_wconf 88' lang='lat' dir='ltr'>proelio</span> <span class='ocrx_word' id='word_1_116' title='bbox 616 1253 711 1300; x_wconf 72' lang='lat' dir='ltr'>uirtute</span> <span class='ocrx_word' id='word_1_117' title='bbox 721 1250 790 1302; x_wconf 87' lang='lat' dir='ltr'>Gal-</span> 
     </span>
     <span class='ocr_line' id='line_1_17' title="bbox 27 1316 790 1383; baseline -0.001 -18"><span class='ocrx_word' id='word_1_118' title='bbox 27 1319 118 1366; x_wconf 88' lang='lat' dir='ltr'>lorum</span> <span class='ocrx_word' id='word_1_119' title='bbox 127 1320 208 1367; x_wconf 81' lang='lat' dir='ltr'>victor</span> <span class='ocrx_word' id='word_1_120' title='bbox 218 1316 479 1383; x_wconf 78' lang='lat' dir='ltr'>quidemAntiochus</span> <span class='ocrx_word' id='word_1_121' title='bbox 489 1319 553 1366; x_wconf 83' lang='lat' dir='ltr'>fuit:</span> <span class='ocrx_word' id='word_1_122' title='bbox 571 1317 617 1368; x_wconf 85' lang='lat' dir='ltr'>aed</span> <span class='ocrx_word' id='word_1_123' title='bbox 637 1317 717 1377; x_wconf 87' lang='lat' dir='ltr'>Galli,</span> <span class='ocrx_word' id='word_1_124' title='bbox 746 1332 790 1366; x_wconf 87' lang='lat' dir='ltr'>ar·</span> 
     </span>
     <span class='ocr_line' id='line_1_18' title="bbox 27 1381 790 1450; baseline 0.001 -19"><span class='ocrx_word' id='word_1_125' title='bbox 27 1383 155 1434; x_wconf 76' lang='lat' dir='ltr'>biti-autes</span> <span class='ocrx_word' id='word_1_126' title='bbox 166 1385 304 1436; x_wconf 87' lang='lat' dir='ltr'>Seleucum</span> <span class='ocrx_word' id='word_1_127' title='bbox 316 1388 342 1434; x_wconf 89' lang='lat' dir='ltr'>in</span> <span class='ocrx_word' id='word_1_128' title='bbox 352 1385 451 1450; x_wconf 88' lang='lat' dir='ltr'>proelio</span> <span class='ocrx_word' id='word_1_129' title='bbox 460 1382 589 1446; x_wconf 85' lang='lat' dir='ltr'>cecidisse,</span> <span class='ocrx_word' id='word_1_130' title='bbox 601 1383 628 1432; x_wconf 94' lang='lat' dir='ltr'>in</span> <span class='ocrx_word' id='word_1_131' title='bbox 637 1385 725 1448; x_wconf 85' lang='lat' dir='ltr'>ipsum</span> <span class='ocrx_word' id='word_1_132' title='bbox 734 1381 790 1432; x_wconf 90' lang='lat' dir='ltr'>An·</span> 
     </span>
     <span class='ocr_line' id='line_1_19' title="bbox 26 1447 816 1518; baseline -0.003 -17"><span class='ocrx_word' id='word_1_133' title='bbox 26 1451 145 1501; x_wconf 86' lang='lat' dir='ltr'>tiochum</span> <span class='ocrx_word' id='word_1_134' title='bbox 154 1465 224 1501; x_wconf 85' lang='lat' dir='ltr'>arma</span> <span class='ocrx_word' id='word_1_135' title='bbox 235 1464 343 1515; x_wconf 77' lang='lat' dir='ltr'>vertere,</span> <span class='ocrx_word' id='word_1_136' title='bbox 361 1451 470 1501; x_wconf 87' lang='lat' dir='ltr'>liberius</span> <span class='ocrx_word' id='word_1_137' title='bbox 489 1451 670 1518; x_wconf 77' lang='lat' dir='ltr'>depopulaturi</span> <span class='ocrx_word' id='word_1_138' title='bbox 689 1447 790 1509; x_wconf 77' lang='lat' dir='ltr'>Asiam,</span> <span class='ocrx_word' id='word_1_139' title='bbox 810 1449 816 1458; x_wconf 85' lang='lat'><em>&#39;</em></span> 
     </span>
     <span class='ocr_line' id='line_1_20' title="bbox 27 1517 789 1585; baseline -0.001 -19"><span class='ocrx_word' id='word_1_140' title='bbox 27 1521 49 1568; x_wconf 85' lang='lat' dir='ltr'>si</span> <span class='ocrx_word' id='word_1_141' title='bbox 58 1520 286 1585; x_wconf 46' lang='lat' dir='ltr'>¹ornnemstirpem</span> <span class='ocrx_word' id='word_1_142' title='bbox 296 1520 395 1583; x_wconf 84' lang='lat' dir='ltr'>regiam</span> <span class='ocrx_word' id='word_1_143' title='bbox 413 1520 600 1571; x_wconf 75' lang='lat' dir='ltr'>exstinxissent.</span> <span class='ocrx_word' id='word_1_144' title='bbox 644 1517 724 1585; x_wconf 85' lang='lat' dir='ltr'>Quod</span> <span class='ocrx_word' id='word_1_145' title='bbox 742 1517 789 1566; x_wconf 89' lang='lat' dir='ltr'>nbi</span> 
     </span>
     <span class='ocr_line' id='line_1_21' title="bbox 26 1582 791 1652; baseline 0 -16"><span class='ocrx_word' id='word_1_146' title='bbox 26 1589 109 1636; x_wconf 87' lang='lat' dir='ltr'>sensit</span> <span class='ocrx_word' id='word_1_147' title='bbox 117 1583 270 1648; x_wconf 85' lang='lat' dir='ltr'>Antiochus,</span> <span class='ocrx_word' id='word_1_148' title='bbox 290 1588 362 1636; x_wconf 82' lang='lat' dir='ltr'>velut</span> <span class='ocrx_word' id='word_1_149' title='bbox 382 1605 395 1635; x_wconf 93' lang='lat' dir='ltr'>a</span> <span class='ocrx_word' id='word_1_150' title='bbox 414 1582 791 1652; x_wconf 80' lang='lat' dir='ltr'>praedonibus,suroseretli·</span> 
     </span>
     <span class='ocr_line' id='line_1_22' title="bbox 28 1654 718 1718; baseline -0.001 -16"><span class='ocrx_word' id='word_1_151' title='bbox 28 1654 85 1717; x_wconf 86' lang='lat' dir='ltr'>mit,</span> <span class='ocrx_word' id='word_1_152' title='bbox 107 1654 303 1718; x_wconf 75' lang='lat' dir='ltr'>societatemque</span> <span class='ocrx_word' id='word_1_153' title='bbox 315 1669 376 1702; x_wconf 87' lang='lat' dir='ltr'>cum</span> <span class='ocrx_word' id='word_1_154' title='bbox 387 1654 551 1702; x_wconf 88' lang='lat' dir='ltr'>mercenariis</span> <span class='ocrx_word' id='word_1_155' title='bbox 560 1655 614 1703; x_wconf 86' lang='lat' dir='ltr'>snis</span> <span class='ocrx_word' id='word_1_156' title='bbox 624 1654 718 1718; x_wconf 84' lang='lat' dir='ltr'>iungit.</span> 
     </span>
     <span class='ocr_line' id='line_1_23' title="bbox 99 1718 792 1787; baseline 0 -18"><span class='ocrx_word' id='word_1_157' title='bbox 99 1718 173 1769; x_wconf 69' lang='lat' dir='ltr'>Cer.</span> <span class='ocrx_word' id='word_1_158' title='bbox 185 1719 233 1769; x_wconf 77' lang='grc' dir='ltr'><strong>ΙΙΙ.</strong></span> <span class='ocrx_word' id='word_1_159' title='bbox 252 1721 352 1769; x_wconf 83' lang='lat' dir='ltr'>interea</span> <span class='ocrx_word' id='word_1_160' title='bbox 363 1735 408 1769; x_wconf 84' lang='lat' dir='ltr'>rex</span> <span class='ocrx_word' id='word_1_161' title='bbox 418 1718 553 1787; x_wconf 76' lang='lat' dir='ltr'>Bithyniae</span> <span class='ocrx_word' id='word_1_162' title='bbox 566 1720 707 1779; x_wconf 85' lang='lat' dir='ltr'>Eumenes,</span> <span class='ocrx_word' id='word_1_163' title='bbox 716 1735 792 1785; x_wconf 81' lang='lat' dir='ltr'>spar-</span> 
     </span>
     <span class='ocr_line' id='line_1_24' title="bbox 27 1786 842 1851; baseline -0.001 -14"><span class='ocrx_word' id='word_1_164' title='bbox 27 1789 62 1837; x_wconf 83' lang='lat' dir='ltr'>sis</span> <span class='ocrx_word' id='word_1_165' title='bbox 74 1788 268 1851; x_wconf 88' lang='lat' dir='ltr'>consumtisque</span> <span class='ocrx_word' id='word_1_166' title='bbox 280 1786 401 1836; x_wconf 79' lang='lat' dir='ltr'>fratribus</span> <span class='ocrx_word' id='word_1_167' title='bbox 411 1786 627 1836; x_wconf 75' lang='lat' dir='ltr'>bello‘intestinae</span> <span class='ocrx_word' id='word_1_168' title='bbox 638 1786 791 1847; x_wconf 79' lang='lat' dir='ltr'>discordiae,</span> <span class='ocrx_word' id='word_1_169' title='bbox 838 1809 842 1820; x_wconf 65' lang='lat'>²</span> 
     </span>
     <span class='ocr_line' id='line_1_25' title="bbox 29 1850 792 1921; baseline -0.003 -16"><span class='ocrx_word' id='word_1_170' title='bbox 29 1858 104 1921; x_wconf 80' lang='lat' dir='ltr'>quasi</span> <span class='ocrx_word' id='word_1_171' title='bbox 116 1866 253 1904; x_wconf 80' lang='lat' dir='ltr'>vacantem</span> <span class='ocrx_word' id='word_1_172' title='bbox 262 1852 336 1903; x_wconf 85' lang='lat' dir='ltr'>Asiae</span> <span class='ocrx_word' id='word_1_173' title='bbox 347 1850 533 1919; x_wconf 83' lang='lat' dir='ltr'>possessionem</span> <span class='ocrx_word' id='word_1_174' title='bbox 548 1855 694 1914; x_wconf 83' lang='lat' dir='ltr'>inraeu&#39;rus,</span> <span class='ocrx_word' id='word_1_175' title='bbox 706 1856 792 1903; x_wconf 79' lang='lat' dir='ltr'>ricto-</span> 
     </span>
     <span class='ocr_line' id='line_1_26' title="bbox 29 1916 791 1987; baseline -0.004 -15"><span class='ocrx_word' id='word_1_176' title='bbox 29 1940 89 1972; x_wconf 87' lang='lat' dir='ltr'>rem</span> <span class='ocrx_word' id='word_1_177' title='bbox 101 1916 269 1982; x_wconf 74' lang='lat' dir='ltr'>Antiochum,</span> <span class='ocrx_word' id='word_1_178' title='bbox 290 1920 431 1986; x_wconf 72' lang='lat' dir='ltr'>Gallosque</span> <span class='ocrx_word' id='word_1_179' title='bbox 441 1920 599 1987; x_wconf 83' lang='lat' dir='ltr'>aggreditur·</span> <span class='ocrx_word' id='word_1_180' title='bbox 620 1920 791 1971; x_wconf 76' lang='lat' dir='ltr'>Nec-difficile</span> 
     </span>
     <span class='ocr_line' id='line_1_27' title="bbox 29 1987 862 2054; baseline -0.005 -16"><span class='ocrx_word' id='word_1_181' title='bbox 29 1991 132 2040; x_wconf 86' lang='lat' dir='ltr'>saucios</span> <span class='ocrx_word' id='word_1_182' title='bbox 142 1987 228 2051; x_wconf 76' lang='lat' dir='ltr'>adhuc</span> <span class='ocrx_word' id='word_1_183' title='bbox 236 2005 267 2037; x_wconf 81' lang='lat' dir='ltr'>ex</span> <span class='ocrx_word' id='word_1_184' title='bbox 277 1990 407 2053; x_wconf 74' lang='lat' dir='ltr'>superiore</span> <span class='ocrx_word' id='word_1_185' title='bbox 418 1991 604 2054; x_wconf 81' lang='lat' dir='ltr'>congressione,</span> <span class='ocrx_word' id='word_1_186' title='bbox 624 1990 726 2052; x_wconf 84' lang='lat' dir='ltr'>integer</span> <span class='ocrx_word' id='word_1_187' title='bbox 736 1988 791 2052; x_wconf 84' lang='lat' dir='ltr'>ipsa</span> <span class='ocrx_word' id='word_1_188' title='bbox 857 2019 862 2021; x_wconf 91' lang='lat'><em>-</em></span> 
     </span>
     <span class='ocr_line' id='line_1_28' title="bbox 30 2052 792 2121; baseline -0.005 -16"><span class='ocrx_word' id='word_1_189' title='bbox 30 2056 140 2117; x_wconf 79' lang='lat' dir='ltr'>viribus,</span> <span class='ocrx_word' id='word_1_190' title='bbox 162 2067 274 2121; x_wconf 70' lang='lat' dir='ltr'>cuperat.</span> <span class='ocrx_word' id='word_1_191' title='bbox 298 2056 334 2104; x_wconf 86' lang='lat' dir='ltr'>Ea</span> <span class='ocrx_word' id='word_1_192' title='bbox 344 2072 457 2121; x_wconf 85' lang='lat' dir='ltr'>namque</span> <span class='ocrx_word' id='word_1_193' title='bbox 466 2066 616 2121; x_wconf 86' lang='lat' dir='ltr'>tempestate</span> <span class='ocrx_word' id='word_1_194' title='bbox 624 2056 714 2103; x_wconf 89' lang='lat' dir='ltr'>omnia</span> <span class='ocrx_word' id='word_1_195' title='bbox 723 2052 792 2101; x_wconf 85' lang='lat' dir='ltr'>bella</span> 
     </span>
     <span class='ocr_line' id='line_1_29' title="bbox 29 2120 797 2189; baseline -0.007 -16"><span class='ocrx_word' id='word_1_196' title='bbox 29 2128 58 2173; x_wconf 86' lang='lat' dir='ltr'>in</span> <span class='ocrx_word' id='word_1_197' title='bbox 72 2126 182 2172; x_wconf 83' lang='lat' dir='ltr'>exitium</span> <span class='ocrx_word' id='word_1_198' title='bbox 192 2121 267 2172; x_wconf 85' lang='lat' dir='ltr'>Asiae</span> <span class='ocrx_word' id='word_1_199' title='bbox 277 2122 442 2189; x_wconf 79' lang='lat' dir='ltr'>gerebantur:</span> <span class='ocrx_word' id='word_1_200' title='bbox 462 2123 501 2171; x_wconf 92' lang='lat' dir='ltr'>uti</span> <span class='ocrx_word' id='word_1_201' title='bbox 512 2123 620 2187; x_wconf 87' lang='lat' dir='ltr'>quisquc</span> <span class='ocrx_word' id='word_1_202' title='bbox 629 2120 719 2168; x_wconf 87' lang='lat' dir='ltr'>lortior</span> <span class='ocrx_word' id='word_1_203' title='bbox 729 2120 797 2168; x_wconf 81' lang='lat' dir='ltr'>iuis·¹</span> 
     </span>
     <span class='ocr_line' id='line_1_30' title="bbox 29 2182 793 2257; baseline -0.008 -17"><span class='ocrx_word' id='word_1_204' title='bbox 29 2202 76 2248; x_wconf 82' lang='lat' dir='ltr'>set,</span> <span class='ocrx_word' id='word_1_205' title='bbox 97 2188 274 2257; x_wconf 25' lang='lat' dir='ltr'>Asiam&#39;velut</span> <span class='ocrx_word' id='word_1_206' title='bbox 291 2190 412 2256; x_wconf 83' lang='lat' dir='ltr'>praedam</span> <span class='ocrx_word' id='word_1_207' title='bbox 429 2188 581 2253; x_wconf 82' lang='lat' dir='ltr'>occupabat.</span> <span class='ocrx_word' id='word_1_208' title='bbox 624 2182 750 2236; x_wconf 79' lang='lat' dir='ltr'>Seleucus</span> <span class='ocrx_word' id='word_1_209' title='bbox 766 2196 793 2235; x_wconf 87' lang='lat' dir='ltr'>et</span> 
     </span>
     <span class='ocr_line' id='line_1_31' title="bbox 28 2252 793 2321; baseline -0.005 -16"><span class='ocrx_word' id='word_1_210' title='bbox 28 2255 178 2306; x_wconf 86' lang='lat' dir='ltr'>Antiochus</span> <span class='ocrx_word' id='word_1_211' title='bbox 196 2256 286 2306; x_wconf 75' lang='lat' dir='ltr'>stanes</span> <span class='ocrx_word' id='word_1_212' title='bbox 301 2257 402 2305; x_wconf 83' lang='lat' dir='ltr'>bellum</span> <span class='ocrx_word' id='word_1_213' title='bbox 420 2267 525 2321; x_wconf 84' lang='lat' dir='ltr'>propter</span> <span class='ocrx_word' id='word_1_214' title='bbox 545 2252 635 2318; x_wconf 83' lang='lat' dir='ltr'>Asiam</span> <span class='ocrx_word' id='word_1_215' title='bbox 657 2252 793 2319; x_wconf 78' lang='lat' dir='ltr'>gerebant:</span> 
     </span>
     <span class='ocr_line' id='line_1_32' title="bbox 28 2316 791 2389; baseline -0.008 -16"><span class='ocrx_word' id='word_1_216' title='bbox 28 2323 202 2385; x_wconf 77' lang='lat' dir='ltr'>Ptolemaeus,</span> <span class='ocrx_word' id='word_1_217' title='bbox 221 2339 266 2372; x_wconf 82' lang='lat' dir='ltr'>rex</span> <span class='ocrx_word' id='word_1_218' title='bbox 276 2321 395 2389; x_wconf 79' lang='lat' dir='ltr'>Aegypti,</span> <span class='ocrx_word' id='word_1_219' title='bbox 414 2321 462 2372; x_wconf 84' lang='lat' dir='ltr'>sub</span> <span class='ocrx_word' id='word_1_220' title='bbox 471 2324 555 2387; x_wconf 84' lang='lat' dir='ltr'>specie</span> <span class='ocrx_word' id='word_1_221' title='bbox 565 2320 675 2369; x_wconf 83' lang='lat' dir='ltr'>sororiae</span> <span class='ocrx_word' id='word_1_222' title='bbox 684 2316 791 2378; x_wconf 80' lang='lat' dir='ltr'>ultionis</span> 
     </span>
     <span class='ocr_line' id='line_1_33' title="bbox 28 2384 791 2457; baseline -0.003 -18"><span class='ocrx_word' id='word_1_223' title='bbox 28 2388 105 2441; x_wconf 82' lang='lat' dir='ltr'>Asiae</span> <span class='ocrx_word' id='word_1_224' title='bbox 117 2390 238 2440; x_wconf 74' lang='lat' dir='ltr'>inhiabat.</span> <span class='ocrx_word' id='word_1_225' title='bbox 267 2390 334 2440; x_wconf 83' lang='lat' dir='ltr'>ilinc</span> <span class='ocrx_word' id='word_1_226' title='bbox 345 2390 469 2457; x_wconf 71' lang='lat' dir='ltr'>bithynus</span> <span class='ocrx_word' id='word_1_227' title='bbox 482 2392 623 2447; x_wconf 85' lang='lat' dir='ltr'>Eumenes,</span> <span class='ocrx_word' id='word_1_228' title='bbox 638 2384 699 2435; x_wconf 85' lang='lat' dir='ltr'>inde</span> <span class='ocrx_word' id='word_1_229' title='bbox 709 2388 791 2445; x_wconf 79' lang='lat' dir='ltr'>Galli,</span> 
     </span>
     <span class='ocr_line' id='line_1_34' title="bbox 27 2451 791 2523; baseline -0.005 -17"><span class='ocrx_word' id='word_1_230' title='bbox 27 2457 206 2507; x_wconf 86' lang='lat' dir='ltr'>humiliorum</span> <span class='ocrx_word' id='word_1_231' title='bbox 216 2474 318 2523; x_wconf 87' lang='lat' dir='ltr'>semper</span> <span class='ocrx_word' id='word_1_232' title='bbox 328 2459 484 2507; x_wconf 85' lang='lat' dir='ltr'>mercenaria</span> <span class='ocrx_word' id='word_1_233' title='bbox 496 2461 607 2513; x_wconf 78' lang='lat' dir='ltr'>manus,</span> <span class='ocrx_word' id='word_1_234' title='bbox 626 2451 717 2520; x_wconf 82' lang='lat' dir='ltr'>Asiana</span> <span class='ocrx_word' id='word_1_235' title='bbox 735 2454 791 2505; x_wconf 79' lang='lat' dir='ltr'>¹de·</span> 
     </span>
     <span class='ocr_line' id='line_1_35' title="bbox 29 2518 791 2587; baseline 0.008 -24"><span class='ocrx_word' id='word_1_236' title='bbox 29 2524 234 2583; x_wconf 64' lang='lat' dir='ltr'>populabantur:</span> <span class='ocrx_word' id='word_1_237' title='bbox 253 2540 314 2575; x_wconf 85' lang='lat' dir='ltr'>cum</span> <span class='ocrx_word' id='word_1_238' title='bbox 324 2526 422 2575; x_wconf 86' lang='lat' dir='ltr'>interea</span> <span class='ocrx_word' id='word_1_239' title='bbox 433 2540 510 2587; x_wconf 82' lang='lat' dir='ltr'>nemo</span> <span class='ocrx_word' id='word_1_240' title='bbox 521 2520 641 2571; x_wconf 76' lang='lat' dir='ltr'>defensor</span> <span class='ocrx_word' id='word_1_241' title='bbox 655 2518 730 2571; x_wconf 84' lang='lat' dir='ltr'>Asiae</span> <span class='ocrx_word' id='word_1_242' title='bbox 750 2522 791 2569; x_wconf 91' lang='lat' dir='ltr'>in·</span> 
     </span>
     <span class='ocr_line' id='line_1_36' title="bbox 29 2584 789 2647; baseline -0.007 -7"><span class='ocrx_word' id='word_1_243' title='bbox 29 2594 71 2631; x_wconf 69' lang='lat' dir='ltr'>ter</span> <span class='ocrx_word' id='word_1_244' title='bbox 98 2592 137 2629; x_wconf 57' lang='lat'>‘⁰⁸</span> <span class='ocrx_word' id='word_1_245' title='bbox 157 2584 299 2647; x_wconf 63' lang='lat' dir='ltr'>praedem«</span> <span class='ocrx_word' id='word_1_246' title='bbox 318 2591 505 2642; x_wconf 80' lang='lat' dir='ltr'>inveniebatur.</span> <span class='ocrx_word' id='word_1_247' title='bbox 548 2586 626 2637; x_wconf 85' lang='lat' dir='ltr'>Victo</span> <span class='ocrx_word' id='word_1_248' title='bbox 650 2586 789 2647; x_wconf 79' lang='lat' dir='ltr'>Antiocho,</span> 
     </span>
     <span class='ocr_line' id='line_1_37' title="bbox 30 2648 791 2720; baseline -0.001 -23"><span class='ocrx_word' id='word_1_249' title='bbox 30 2665 95 2700; x_wconf 91' lang='lat' dir='ltr'>cum</span> <span class='ocrx_word' id='word_1_250' title='bbox 104 2648 237 2699; x_wconf 80' lang='lat' dir='ltr'>Eumenes</span> <span class='ocrx_word' id='word_1_251' title='bbox 249 2650 372 2697; x_wconf 87' lang='lat' dir='ltr'>maiorem</span> <span class='ocrx_word' id='word_1_252' title='bbox 383 2669 479 2715; x_wconf 78' lang='lat' dir='ltr'>purtem</span> <span class='ocrx_word' id='word_1_253' title='bbox 493 2658 569 2708; x_wconf 50' lang='lat' dir='ltr'>Aa„</span> <span class='ocrx_word' id='word_1_254' title='bbox 579 2666 738 2720; x_wconf 57' lang='lat' dir='ltr'>occupasset,</span> <span class='ocrx_word' id='word_1_255' title='bbox 758 2667 791 2702; x_wconf 78' lang='lat' dir='ltr'>na</span> 
     </span>
    </p>
   </div>
   <div class='ocr_carea' id='block_1_7' title="bbox 31 2714 791 2785">
    <p class='ocr_par' dir='ltr' id='par_1_7' title="bbox 31 2714 791 2785">
     <span class='ocr_line' id='line_1_38' title="bbox 31 2714 791 2785; baseline 0.008 -20"><span class='ocrx_word' id='word_1_256' title='bbox 31 2728 96 2767; x_wconf 89' lang='lat' dir='ltr'>tnnc</span> <span class='ocrx_word' id='word_1_257' title='bbox 107 2715 213 2781; x_wconf 86' lang='lat' dir='ltr'>quidem</span> <span class='ocrx_word' id='word_1_258' title='bbox 222 2716 320 2771; x_wconf 82' lang='lat' dir='ltr'>fratres,</span> <span class='ocrx_word' id='word_1_259' title='bbox 334 2714 432 2780; x_wconf 85' lang='lat' dir='ltr'>perdito</span> <span class='ocrx_word' id='word_1_260' title='bbox 447 2718 571 2785; x_wconf 85' lang='lat' dir='ltr'>praemio,</span> <span class='ocrx_word' id='word_1_261' title='bbox 600 2731 703 2779; x_wconf 75' lang='lat' dir='ltr'>propter</span> <span class='ocrx_word' id='word_1_262' title='bbox 718 2716 791 2779; x_wconf 76' lang='lat' dir='ltr'>quot</span> 
     </span>
    </p>
   </div>
   <div class='ocr_carea' id='block_1_8' title="bbox 0 0 1042 3000">
    <p class='ocr_par' dir='ltr' id='par_1_8' title="bbox 0 0 1042 3000">
     <span class='ocr_line' id='line_1_39' title="bbox 0 0 1042 3000; baseline 0 0"><span class='ocrx_word' id='word_1_263' title='bbox 0 0 1042 3000; x_wconf 95' lang='lat' dir='ltr'> </span> 
     </span>
    </p>
   </div>
  </div>
 </body>
</html>
