2075 3000
189 139 482 197 ulstoutsuvu
507 138 582 198 Lib.
601 144 676 199 vm.
777 152 812 210 77

35 247 189 314 Philippus
198 245 371 298 venditatione
382 247 478 314 gloriae
493 263 554 298 snae
570 243 700 298 mutarum
709 247 813 299 urbium

32 312 187 378 fastidium
198 315 287 379 agitat3
304 327 383 380 atque
404 324 474 363 utros
493 317 579 380 potius
588 314 718 382 dignetur,
739 319 814 367 sesti·

31 372 111 433 snat.
143 377 249 431 Sec'reto
265 383 344 448 igitur
365 379 460 450 auditis
478 383 612 447 utriusque
633 383 812 447 legationibus,
880 429 885 434 .

30 449 80 498 bis
100 448 207 497 reniam
225 447 287 498 belii
298 448 443 514 pollicetur,
461 447 638 498 iureiurandn
648 449 753 507 adactis,
773 465 814 498 re·

33 530 175 582 sponsum
195 517 295 564 nemini
314 515 474 580 prodituros:
494 515 545 564 iliis
556 527 652 578 contra,
664 527 812 576 ,venturum

33 600 74 641 se,
99 581 282 648 auxiliumque
293 583 416 630 laturum.
436 579 567 647 Vtrosque
577 594 646 639 retat
653 599 742 649 parare
752 583 812 631 bel-

33 651 117 705 ium,
150 660 195 698 aut
220 661 346 698 metuere.
387 647 430 697 Sic
451 651 548 699 variato
570 666 692 716 responso
714 651 811 698 securis

33 716 171 766 omnibus
181 715 417 782 Thermnpylarum
432 718 564 828 aufustias
574 727 691 782 occupat.

107 781 186 831 Cur.
197 783 232 833 V.
251 783 326 832 Tunc
337 785 455 848 primum
487 781 811 848 hocensesnaptosseirau·
827 785 830 789 ’

32 849 71 899 de
84 847 205 914 Philippi
217 849 462 907 animadvertentes,
484 848 578 915 trepidi
588 848 621 899 ad
631 867 702 899 arma
713 851 809 898 consu-

33 919 132 982 giunt.
166 913 218 962 Sed
228 933 311 980 neque
327 916 440 982 spatium
453 929 506 965 erat
516 915 660 979 instruendi
671 915 742 974 beili,
763 933 811 966 nea
827 935 831 945 ¹

33 996 152 1048 tempus
175 981 208 1032 ad
228 981 400 1031 contrahenda
420 983 527 1032 araxilia:
547 995 572 1031 et
590 982 728 1049 Philippus
739 987 810 1033 exni-

33 1051 122 1100 dium
132 1047 289 1110 minabatur,
309 1051 336 1098 ni
346 1051 416 1099 fieret
426 1047 529 1098 deditio·
555 1049 625 1100 Victi
637 1052 714 1116 igitur
724 1067 810 1100 neces-

33 1121 128 1176 sitate,
150 1128 223 1182 pacta
242 1118 340 1174 salute,·
352 1133 378 1164 se
392 1115 559 1165 dediderunt.
569 1114 642 1165 ‘Sed
661 1118 744 1182 pactio
754 1117 809 1166 eius

33 1185 104 1236 fidei
116 1185 178 1242 fuit,
198 1185 269 1231 citius
279 1195 351 1232 antea
362 1183 444 1232 iuerat
455 1181 582 1250 deprecati
592 1182 655 1233 belli
665 1185 811 1249 promissio.

33 1253 129 1318 Igitur
150 1248 295 1298 caeduntur
312 1251 422 1315 passim,
442 1253 640 1316 rapiunturque3
660 1267 712 1298 uon
732 1251 808 1305 liberi

32 1315 207 1388 parentibus,
228 1333 281 1364 non
300 1319 421 1382 coniuges
441 1319 549 1377 maritis,
568 1334 621 1366 non
643 1315 753 1364 deorum
769 1318 808 1364 si.

35 1386 165 1436 mulacra
180 1383 282 1448 templis
296 1384 351 1432 *suis
369 1384 564 1447 relinquuntur.
599 1385 690 1431 Vnum
709 1393 811 1430 tantum

33 1449 353 1515 miseriasoiatinmsuit,
372 1449 459 1515 quod,
479 1465 538 1499 cum
550 1447 683 1515 Phiiippus
692 1450 809 1515 portione

34 1518 159 1586 praedae
171 1520 251 1567 socios
271 1516 418 1575 fraudasset,
439 1517 508 1565 nihil
523 1533 611 1565 rerum
623 1533 728 1565 suarum
739 1514 811 1583 apud

35 1587 167 1639 inimicos
186 1584 315 1635 viderunt.
343 1586 469 1634 Reversus
488 1584 515 1632 in
531 1600 658 1648 regnum,
676 1596 810 1650 utpseora

35 1656 163 1722 pastores
174 1653 280 1702 nuncin
292 1650 420 1711 hibernos,
431 1667 501 1700 nuuc
512 1654 540 1700 in
550 1652 657 1700 aestivos
666 1652 745 1700 saltus
754 1662 809 1701 tra-

37 1724 147 1777 iiciunt,
168 1722 205 1767 sic
216 1720 260 1766 ille
271 1720 379 1784 populos
391 1727 416 1766 et
434 1716 520 1779 nrbes,
541 1729 570 1766 ut
579 1719 618 1767 iili
629 1720 671 1768 vel
679 1715 811 1785 replenda,

38 1790 87 1843 vel
98 1784 305 1850 derelinquenda
316 1800 431 1849 quasque
454 1786 508 1835 ioca
520 1784 682 1848 videbantur,
704 1784 737 1835 ad
746 1785 811 1835 libi-

40 1854 140 1903 dinem
156 1868 230 1901 suam
245 1852 371 1901 transfert.
400 1850 548 1908 Miseranda
559 1851 654 1918 ubique
673 1853 764 1911 facies,
785 1864 812 1901 et

42 1918 153 1971 excidio
163 1920 253 1967 similis
266 1929 327 1968 erat.
358 1918 418 1969 Non
432 1917 537 1983 quidem
548 1935 628 1983 pavor
646 1920 692 1969 iiie
703 1919 810 1981 hostilis,

41 2004 95 2038 nen
106 1984 239 2041 discursus
249 2002 295 2051 per
304 1984 397 2035 urbem
407 1988 524 2037 militum
535 2000 600 2049 erat;
619 2003 671 2035 non
682 1987 810 2035 tumultus

43 2068 195 2111 armorum3
216 2069 267 2101 non
277 2052 406 2118 bonerum
416 2065 492 2117 atqua
501 2053 639 2103 homiuum
648 2056 748 2117 rapina:
765 2050 811 2101 ssd

45 2124 139 2171 tacitus
159 2136 263 2169 moeror
274 2129 298 2167 et
315 2120 409 2180 luctus,
428 2121 587 2180 verentibus,
605 2136 638 2167 ne
658 2119 810 2185 ipsaelacri-
854 2168 857 2171 ,

48 2204 102 2237 mae
116 2203 167 2252 pro
179 2187 336 2235 contumacia
352 2184 516 2235 haberentur.
549 2186 644 2237 Crescit
659 2186 809 2234 dissimula·

48 2256 113 2305 tinne
125 2258 181 2319 ipsa
192 2250 273 2312 dolor,
292 2250 340 2300 hoc
350 2253 424 2305 altius
435 2249 570 2310 demissus,
590 2254 738 2317 quominus
749 2267 808 2316 pro-

48 2322 111 2370 fiteri
131 2322 203 2371 lieet.
231 2318 308 2367 Nunc
326 2320 442 2385 sepulcra
464 2324 602 2382 maiorum,
623 2336 693 2368 nunc
712 2329 808 2367 veteres

46 2400 159 2501 ἔσπειρε,
180 2396 332 2447 nummata,
352 2389 378 2453 in
398 2386 491 2453 quibus
507 2388 586 2453 geniti
599 2398 678 2449 erant,
698 2388 724 2435 in
744 2388 806 2451 qui·

64 2472 146 2520 usque
166 2464 317 2518 genuerant,
339 2454 550 2517 considerabant3
569 2457 717 2504 miserantes
738 2468 808 2503 nune

45 2523 130 2582 ricem
141 2536 225 2579 suam,
241 2518 311 2585 quod
320 2522 348 2569 in
357 2536 414 2570 eam
424 2519 492 2569 diem
505 2521 637 2584 vixissent3
657 2535 725 2578 nunc
740 2522 803 2570 filin-

43 2605 121 2647 rum,
144 2586 278 2661 quodunou
299 2598 358 2653 post
367 2604 425 2638 earn
434 2585 506 2638 diem
516 2589 570 2658 nati
580 2598 671 2639 essem.
793 2640 799 2647 ,
