2075 3000
168 121 463 188 arsromanvn
485 137 562 190 nra.
580 134 665 192 xxv.
742 143 796 203 sot

31 238 106 288 elut
119 236 262 288 invisitatas
270 235 385 286 barbaria
395 235 499 298 formas,
517 252 563 287 rex
573 237 673 288 ostendi
681 240 796 304 iuverat,

31 319 147 359 tuavee
157 315 262 374 on'uataa
276 303 357 370 copiis
377 301 562 368 demonstrari3
582 307 698 370 ignarus,
717 306 795 371 qnod,

30 372 129 424 uibus
139 373 310 423 ostentatione
330 370 425 421 virium
442 382 546 422 metum
553 388 581 420 se
599 373 704 422 iniicere
713 375 801 433 existi-¹

30 439 127 501 rabat,
149 453 241 488 eorum
250 439 358 499 animos,
379 437 451 488 utad
470 440 585 506 opimam
595 439 726 506 praedam,
744 441 796 490 sol-

30 506 159 556 citabat·
180 506 270 571 Itaque
280 506 356 571 legati
365 504 398 554 ad
408 521 468 555 suos
478 508 583 565 reversi,
603 509 690 557 omnia
700 507 728 556 hs
742 523 798 558 usa·

30 594 53 624 rs
81 571 263 630 extollentes,
290 588 351 638 opee
370 573 463 638 pariter
482 586 508 624 et
525 575 712 640 negligentiam
727 576 798 640 regie
851 631 862 639 ,

30 641 186 692 atendunt:
209 655 240 689 re
255 647 317 688 erro
337 655 406 690 auro
424 647 455 689 et
473 649 593 711 argento
613 650 728 700 corum
746 640 799 694 aed

30 726 120 779 eque
131 705 209 758 vallo
233 723 335 756 oaaave
343 707 466 757 munita:
487 717 516 757 et
527 709 612 778 qnasi
619 711 692 760 rotie
704 710 798 760 muni-

30 776 117 827 renti
139 775 170 824 in
190 773 296 824 devitiis
316 772 460 833 haberent,
480 773 523 824 itu
542 793 590 826 eoa
599 777 691 827 omnio
708 776 798 843 officia

30 842 169 896 silitaria
180 839 379 892 intermisisse:
392 857 510 908 prorant
520 845 603 912 quoni
603 843 681 913 ferri
688 843 799 896 auxilio

29 929 79 963 nn
103 909 284 980 indigerent,
309 909 439 977 quoniam
458 908 635 961 abundarent
654 929 732 964 auro.

98 977 124 1026 C
131 989 182 1026 Ar.
193 977 228 1027 ll.
250 977 305 1025 llac
314 977 437 1026 relatione
457 977 547 1026 avidae
558 982 641 1045 gentis
651 981 730 1030 animi
740 981 799 1030 satia

29 1045 51 1096 d
64 1043 205 1114 praedam
214 1042 396 1093 incitabantur.
424 1040 571 1094 Accedebat
582 1059 668 1096 tamen
679 1059 704 1096 et
713 1063 799 1098 exerra-

29 1117 103 1164 lum
117 1109 211 1177 ltetgt,
232 1111 340 1177 quinon
358 1125 455 1176 magno
469 1121 528 1162 ante
548 1124 662 1180 tempore
672 1112 800 1185 Macedo·

29 1199 93 1232 ium
106 1179 254 1229 exercitum
265 1195 325 1227 cnm
335 1193 397 1242 rege
408 1179 590 1230 trucidaverat.
619 1181 717 1245 Itaque,
736 1196 799 1230 con-
827 1233 834 1241 ,

31 1246 204 1300 entientibua
224 1244 358 1306 omnibus,
376 1257 450 1295 noete
469 1248 625 1314 centranegis
644 1246 797 1313 aggrediun-

30 1335 81 1366 ur:
110 1315 159 1380 qui
180 1313 353 1380 praesentiens
373 1323 470 1363 tantam
480 1323 673 1379 tempestatem,
693 1309 798 1378 signum

29 1385 112 1435 *ridie
126 1378 241 1443 dederat,
257 1393 296 1442 nt,
313 1379 435 1430 omnibus
445 1381 521 1430 rebus
532 1381 631 1442 ablatis,
638 1367 672 1430 'tn
682 1381 798 1447 proxima

30 1454 89 1503 ilva
100 1448 178 1499 taciti
189 1465 215 1499 se
228 1450 393 1499 occultarent.
419 1446 509 1513 Neque
517 1449 594 1496 aliter
602 1460 700 1500 aerrats
709 1461 797 1509 castra,

28 1535 111 1589 [uam
123 1514 197 1581 qnod
206 1514 305 1567 deserta
315 1528 390 1566 suntc
409 1515 538 1580 siquidem
549 1516 629 1577 Galli,
649 1517 694 1567 ubi
709 1518 798 1568 omnia

28 1585 159 1645 incantist
179 1600 226 1633 nec
236 1586 292 1633 sine
301 1582 481 1633 defensoribus
500 1582 594 1646 modo,
615 1587 797 1635 verumetiam

28 1657 82 1705 tine
94 1648 250 1701 custodibus
260 1650 362 1709 vident,
382 1666 435 1699 non
443 1650 534 1715 fugam
544 1650 673 1714 hostium,
692 1650 737 1701 sed
746 1650 797 1700 do-

31 1740 85 1771 um
108 1717 272 1780 arbitrantes,-
291 1715 338 1767 diu
357 1718 547 1784 intrareportas
567 1720 737 1777 timuerunt..
751 1716 797 1770 Ad
863 1774 874 1790 κ

28 1799 198 1839 ›ostremum
208 1785 313 1851 integris
324 1796 350 1833 et
359 1784 461 1834 intactis
478 1787 658 1847 munimentis,
675 1797 795 1845 scrutata-3

28 1850 59 1907 ζει
84 1853 178 1922 potius
198 1868 277 1917 quam
305 1843 472 1918 diripientes}
492 1865 571 1903 castra
597 1863 795 1919 occupauerunt.

28 1919 229 1978 l'uncsblatis‚.
242 1936 306 1984 quae
325 1921 486 1981 invenerant,
506 1920 539 1969 ad
558 1922 620 1971 litus
640 1931 795 1971 convertun-
862 1969 867 1974 ,

28 2008 79 2041 mr.
112 1986 155 2037 lbi
165 1984 229 2035 dum
239 2002 317 2035 naves
336 1987 464 2037 incautius
475 1985 610 2051 diripiunt,
629 2006 643 2036 a
653 1985 795 2050 remigibus

28 2069 50 2108 et
60 2056 100 2106 ab
111 2055 238 2119 exercitus
247 2064 326 2119 parte,
346 2070 412 2119 quae
431 2070 461 2101 eo
474 2068 535 2103 corn
546 2052 699 2119 coniugibus
719 2063 746 2100 et
762 2052 796 2100 li-

28 2126 101 2176 beria
112 2121 291 2187 confugerant,
309 2120 376 2170 nibil
393 2121 443 2169 tale
458 2118 603 2169 metuenrea'
621 2116 795 2169 trucidantur:

28 2203 157 2254 tantaque
177 2185 267 2237 caedes
284 2187 423 2240 Gallorum
441 2186 489 2236 fuit
516 2198 547 2235 ut
562 2187 695 2252 Antigono
704 2200 796 2251 pacem

28 2258 123 2327 opinio
143 2254 218 2305 braina
238 2256 357 2305 victoriae
372 2271 426 2304 non
444 2271 459 2303 a
500 2254 682 2313 dilatantem,
703 2267 795 2302 serum

28 2329 115 2376 etiam
126 2340 140 2376 a
150 2324 321 2372 finitimorum
331 2322 439 2381 feritate,
448 2322 613 2387 praestiterit.
639 2321 797 2386 Quanquam

28 2392 179 2448 Gallorurn'
188 2406 215 2439 ea
225 2400 377 2456 tempestate
387 2400 472 2438 uncae
487 2387 666 2439 foecunditatis
675 2390 796 2437 iuventus
816 2446 819 2454 ,

28 2463 94 2521 fuit,
112 2466 143 2507 ut
152 2454 239 2507 Asiam
249 2472 356 2507 omnem
367 2458 440 2507 velut
459 2456 576 2505 examine
594 2456 682 2523 aliquo
697 2454 795 2521 implo-

28 2536 103 2580 rent.
133 2521 251 2589 Denique
261 2522 344 2591 neque
364 2538 437 2588 reges
448 2521 562 2573 Orientis
567 2524 627 2573 ’sine
637 2521 795 2574 mercenario

28 2592 176 2663 Gallorum
185 2593 297 2653 exercitu
308 2591 368 2641 -ulla
380 2591 448 2641 bella
467 2602 612 2654 gesserunt3
633 2606 717 2655 neque
727 2586 795 2653 pulsi

28 2676 127 2729 reguo,
146 2654 179 2709 sd
186 2658 261 2723 alios,
273 2655 402 2725 lqnautad
413 2657 509 2722 Gallos,
525 2659 706 2727 confugerunt.
723 2654 797 2705 Tasi-
