2075 3000
204 120 502 182 ntsrofflanv'tt
527 129 605 182 mc.
629 129 677 184 IV·
781 133 819 192 47

55 229 153 296 ingens
176 226 333 280 decernitur:
352 242 472 282 creantur
494 230 571 280 duces
586 230 682 290 Nicias,
702 242 728 281 et
740 229 818 280 Alei·

53 293 163 356 hiades,
184 307 210 345 et
224 297 381 360 Lamachum
400 299 531 363 tantisque
540 298 636 347 virilius
646 295 819 366 Siciliarepe»

53 364 132 425 titur,
143 369 183 413 ‘ne
194 364 254 429 ipsis
267 366 357 414 terrori
367 377 459 425 essent,
478 367 506 415 in
518 365 738 432 quorum'auxilia
751 370 818 414 mit-

55 430 187 479 tebantur.
212 429 287 479 Brevi
306 443 363 498 post
381 442 505 499 tempore,
527 443 646 483 revocato
665 429 698 480 sd
717 443 818 480 reatum

55 495 209 556 Alcibiade,
230 495 282 552 duo
303 498 398 564 proelia
418 497 544 565 pedestria
563 496 674 564 secstnds
690 496 774 547 Nicias
793 509 820 545 et

55 563 205 614 Lamachus
215 563 325 614 faciunt:
345 565 534 616 munitionibus
544 563 638 614 deinde
647 560 818 624 circumdatis,

55 629 143 680 hostes
154 633 232 680 etiam
242 633 347 681 marinis
358 631 542 682 commeatibus
555 633 581 681 in
592 631 760 680 urheclausoa
771 631 817 680 in-

56 694 216 747 tercludunt.
235 695 337 760 Quibus
347 699 425 749 rebus
435 700 506 748 fracti
518 699 681 766 Syracusani,
691 698 817 748 auxilium

56 763 288 814 shacedaemoniis
310 768 465 836 petiverunt.
494 764 586 815 Abiria
601 767 714 814 mittitur
724 764 817 832 'Gylip-

75 847 105 879 us
116 832 195 892 solus,
216 831 261 880 sed
272 833 361 897 inquo
372 834 451 883 instar
462 835 580 884 omnium
589 834 744 882 auxiliorum
755 841 823 880 erat.-

54 848 181 948 leaudito
193 901 220 947 in
240 901 329 949 itinere
348 900 410 951 helii
429 901 481 950 iam
491 901 615 949 inclinato
624 908 698 962 statu,
717 899 817 960 auxiliis
859 913 865 921 ·

55 967 151 1031 partim
171 966 197 1014 in
218 965 333 1028 Graecia,
354 968 483 1033 partimin
495 968 582 1017 Sicilia
601 968 743 1028 contractis,
763 985 814 1032 op·
842 981 847 987 ’

55 1043 167 1098 portuna
182 1032 251 1082 bello
267 1034 320 1082 loca
330 1046 445 1100 occupat.
466 1035 588 1094 ,Duobus
604 1032 697 1083 deinde
711 1035 816 1100 proeliis

55 1102 149 1161 rictus,
174 1115 325 1164 congressus
336 1103 419 1161 tertio,
440 1103 523 1151 occiso
533 1099 668 1157 Lamacho,
689 1111 716 1150 et
731 1100 815 1148 hostes

56 1167 83 1214 in
93 1165 186 1230 sugam
197 1170 332 1233 compulit,
351 1181 375 1216 et
385 1169 464 1218 s'ocios
475 1168 608 1217 obsidione
618 1167 743 1216 liberarit.
763 1166 816 1216 Sed

56 1232 400 1288 eumeitheniensesabello
410 1237 524 1284 terrestri
535 1237 561 1284 in
571 1235 662 1286 navale
673 1247 817 1283 setraustu·
902 1255 904 1261 ’
962 1226 973 1238 “

57 1299 154 1358 iissent,
179 1301 306 1368 Gylippus
317 1302 422 1351 classem
432 1301 625 1352 Lacedaemone
644 1316 705 1350 cum
714 1303 816 1366 auxiliis

56 1368 171 1416 arcessit.
199 1369 258 1432 Quo
270 1371 376 1434 cognito,
400 1380 424 1418 et
434 1371 483 1436 ipsi
490 1367 673 1434 'Athenienses‘
684 1368 711 1414 in
730 1367 816 1416 locum

56 1435 145 1483 amissi
164 1434 237 1484 ducis
256 1435 459 1486 Demosthenem
479 1445 503 1485 et
522 1430 729 1501 Eurymedonta,
755 1435 821 1485 cum

56 1502 239 1568 supplemento
259 1506 390 1569 copiarum
410 1504 530 1553 mittunt:
549 1500 731 1565 Peloponnesii
753 1519 816 1567 quo-

57 1584 117 1634 que,
138 1574 269 1620 communi
290 1569 420 1621 civitatum
434 1571 546 1630 decreto,
567 1570 679 1633 ingentia
699 1569 829 1635 Syracus

55 1639 124 1685 sanis
134 1638 228 1685 auxilia
239 1639 347 1689 misere:
368 1640 472 1703 etquasi
485 1637 606 1688 Graeciae
616 1635 715 1685 bellum
726 1637 753 1685 in
770 1636 814 1685 si-

56 1705 144 1755 ciliam
155 1706 310 1754 translatum
320 1718 394 1766 esset,
413 1706 447 1755 ita
459 1720 488 1754 ex
507 1717 615 1769 utraque
624 1712 697 1769 parts
707 1708 815 1754 summis

55 1770 155 1821 uiribus
167 1768 345 1822 dimicabatur.
579 1827 583 1835 ¹
687 1828 692 1833 ,

124 1835 196 1887 Car.
207 1835 240 1887 V.
260 1838 346 1889 Prima
365 1840 445 1903 igitur
465 1840 814 1905 congressionenavsiiscer-
848 1831 851 1836 ⁵

55 1904 171 1967 taminia,
181 1904 352 1955 Athenienses
365 1908 510 1957 uincuntur.
542 1901 629 1955 Caitra
640 1917 742 1972 quoque
753 1924 814 1958 cnm
830 1940 834 1947 -

55 1973 129 2023 omui
150 1971 254 2037 publica
274 1989 303 2021 ac
323 1975 419 2041 privata
439 1976 547 2039 pecunia
567 1976 697 2023 amittunt.
730 1972 814 2041 Super

54 2038 205 2100 haecmala,
226 2052 285 2087 cnm
305 2044 383 2090 etiam
402 2042 511 2091 terrestri
532 2042 628 2107 proelio
643 2042 705 2090 victi
722 2054 814 2101 essent,

54 2108 117 2156 tuno
127 2104 315 2157 Demosthenes
326 2116 429 2157 censere
441 2110 536 2174 coepit,
552 2112 582 2155 ist
593 2106 700 2156 abirent
709 2096 814 2168 Sicilia,

55 2172 117 2223 dum
132 2188 191 2232 ree,
212 2174 334 2243 quamvis
356 2176 486 2241 afflictae,
506 2174 622 2224 nondum
641 2182 731 2224 tamen
746 2190 814 2241 per-

57 2240 132 2291 ditae
145 2237 257 2307 forent·
280 2258 314 2291 ne
332 2260 365 2291 ue
380 2245 408 2293 in
426 2242 494 2294 bello
509 2240 580 2291 male
593 2240 736 2305 auspicato
751 2258 812 2291 om-

54 2308 125 2375 pliue
141 2260 366 2375 perseverandum
386 2327 456 2359 ease:
476 2308 550 2358 domi
559 2309 694 2376 grauiora
709 2315 737 2355 et
743 2306 812 2378 for·

56 2378 128 2426 sitan
147 2372 303 2437 infeliciora
320 2376 402 2441 bello,
420 2381 448 2429 in
464 2392 533 2445 quae
548 2392 658 2424 servare
672 2372 723 2425 hos
734 2374 813 2429 rtobis

56 2448 206 2510 apparatus
225 2453 358 2509 oporteat.
388 2444 483 2503 Nicias,
503 2459 548 2492 seu
559 2441 658 2507 pudore
667 2444 735 2491 male
745 2454 812 2492 actae

54 2512 103 2573 rei,
133 2526 180 2558 seu
208 2521 279 2559 metu
305 2510 438 2575 destitutae
463 2510 517 2577 spei
543 2512 657 2570 civium,
686 2527 731 2559 seu
755 2513 812 2557 im-

55 2578 170 2646 pellente
190 2574 250 2641 sato,
280 2592 384 2629 manere
404 2578 541 2629 contendit.
575 2575 715 2643 Reparatur
734 2576 812 2641 igitur
835 2600 837 2604 ·
