2075 3000
199 163 600 251 1111101111111111.
619 196 693 251 xm.
772 208 824 267 121
855 209 858 214 “

63 301 159 369 eorpus
173 298 314 355 Alexandri
333 291 361 347 in
380 296 533 349 Hammonis
549 300 679 367 templum
689 298 824 352 deducere.

63 373 144 421 Tunc
152 364 271 417 Perdicca
291 365 407 415 infensus
422 365 552 417 seditionis
562 368 715 429 auctoribus,
734 384 826 433 repen·

64 454 100 495 11,
119 438 210 501 ignaro
226 435 333 499 collega,
355 434 536 483 lustrationem
555 446 705 495 castrorum,
724 446 826 500 propter

65 503 266 565 mortemregis,
285 501 312 559 in
331 499 557 564 posterumedicit.
593 500 833 567 Postquam.arma·‘
886 498 891 503 ’

65 570 276 621 tum-exercitum
295 568 322 615 in
333 582 424 631 campo
444 569 589 628 constituit,
610 568 827 617 consentientibus
852 580 859 588 “

50 634 204 693 ‘uniuersis
224 645 354 695 uocatos,
374 632 548 695 dumtransit,
568 632 719 700 desingulis
738 636 827 685 mani-

64 705 137 771 pulis
158 700 299 759 seditiosbs,
318 702 443 766 supplicio
464 702 643 765 tradiocculte
664 702 743 753 iubet.
778 702 828 752 lle·

67 787 156 819 versus
168 767 239 827 inde,
254 770 321 817 inter
330 769 460 833 principes
469 770 617 834 provincias
630 766 731 831 dividit,
747 768 832 818 simul

64 850 95 887 111
105 847 131 885 11
140 846 284 886 removeret
293 836 421 894 aemulos,
441 846 466 883 et
475 852 572 885 munus
583 837 692 901 imperii,
709 836 826 893 beneficii
887 866 890 871 ·

64 904 106 953 sui
118 904 221 953 faceret.
257 902 345 951 Prima
354 901 502 951 Ptolemaeo
515 902 664 969 Aegyptus,
686 913 711 951 et
725 899 826 951 Africae
846 934 851 941 -

9 1018 15 1025 ,
61 968 229 1034 Arabiaeque
242 986 306 1083 pars
315 980 382 1017 sorte
401 970 481 1029 venit,
500 986 620 1034 quemex
635 970 752 1035 gregario
771 970 826 1019 mi·
848 956 860 973 ⁸

61 1038 119 1086 lite
139 1034 240 1085 Alexan
260 1052 286 1084 11
309 1037 408 1085 virtutis
436 1050 511 1084 causa
540 1046 703 1101 provexerat:
732 1037 773 1085 eni
793 1032 826 1083 ad

60 1102 390 1167 tradendam-provinciam
402 1096 563 1163 Cleomenes,
585 1102 628 1165 qui
640 1099 825 1153 Alexandriam
869 1105 875 1111 “
893 1096 897 1102 ’

60 1172 249 1232 aedificaverat,
270 1169 353 1220 datur.
388 1166 524 1215 Coufinem
543 1168 603 1217 huic
619 1169 765 1233 provinciae
776 1166 825 1234 Sy·
875 1218 879 1221 ,

9 1243 10 1246 ’
57 1240 129 1287 riam
158 1235 308 1287 Laomedon
337 1234 526 1301 iffitylenaeus,
557 1234 674 1301 Ciliciam
702 1233 823 1297 Philotas,
889 1256 893 1260 ·

57 1304 140 1355 Philo
151 1304 270 1371 illyrios,
288 1302 424 1367 accipiunt·
441 1300 444 1310 '
460 1302 663 1355 11111111111111011
675 1299 823 1368 Atropatus,

55 1373 158 1422 minori
179 1388 250 1419 socer
268 1368 400 1419 Perdiccae
421 1371 595 1433 praeponitur.
634 1366 742 1419 Susiane
761 1382 825 1435 gens

57 1438 158 1506 Scyno,
167 1436 278 1504 Phrygia
288 1438 371 1485 maior
380 1433 527 1500 Antigono,
546 1435 658 1502 Philippi
676 1437 744 1495 lilio,
763 1428 825 1486 as'si-

37 1519 168 1572 .gnatur.
202 1505 308 1570 Lyciam
318 1515 344 1552 et
352 1501 535 1568 Pamphyliam
550 1503 691 1567 Nearchus,
722 1502 824 1556 Cariam

56 1571 212 1632 Cassander,
232 1570 343 1636 Lydiam
362 1568 506 1619 Menander
524 1573 675 1620 sortiuntur.
709 1571 824 1622 Leonato

55 1642 148 1690 minor
165 1636 278 1704 Phrygia
298 1637 394 1686 evenit:
423 1637 532 1690 Thracia
543 1650 568 1690 et
585 1640 703 1702 regiones
722 1637 824 1688 Pontici
851 1643 855 1646 ’

57 1707 141 1756 maris
160 1703 327 1771 Lysimacho:
368 1701 529 1771 Cappadocia
557 1722 618 1754 cum
648 1705 824 1772 Paphlagonis
893 1747 895 1756 .

58 1774 178 1833 Eumeni
188 1770 255 1820 data.
270 1771 394 1826 Summus
405 1782 545 1822 castrorum
556 1773 697 1822 tribunatus
707 1772 824 1834 Seleuco,

59 1838 188 1888 Antiochi
199 1840 261 1898 filio,
281 1836 361 1891 cessit.
397 1837 567 1903 stipatoribus
575 1841 642 1904 regis
661 1839 825 1890 satellitibus·

23 1909 29 1915 ’
60 1923 115 1971 qne
123 1903 271 1966 Cassander,
282 1905 350 1954 filius
356 1901 494 1970 Antipatri,
508 1908 663 1972 praeficitur·
677 1907 708 1956 In
714 1907 826 1957 Bactria·

62 1991 98 2024 na
123 1972 262 2034 ulteriore,
292 1983 318 2020 et
342 1970 431 2022 Indiae
450 1973 600 2036 regionibus
626 1975 724 2037 priores
747 1988 825 2039 prae-

62 2041 128 2090 secti
146 2042 249 2088 retenti.
298 2038 390 2088 Terras
416 2041 483 2088 inter
507 2056 596 2096 amnes
620 2039 770 2105 Hydaspem
799 2035 830 2088 et'

63 2104 163 2156 1111111111
174 2109 277 2161 Taxiles
286 2104 403 2156 habebat.
422 2105 454 2154 In
466 2107 577 2156 colonias
590 2108 617 2154 in
626 2103 699 2160 Indis
710 2103 824 2154 conditas
840 2164 841 2167 Ἰ

64 2170 170 2230 Pithon,
191 2171 319 2237 Agenoris
326 2173 406 2236 lilius,
425 2174 545 2223 mittitur.
580 2171 774 2238 Paropamisios,
787 2171 825 2220 Ι11

64 2241 128 2289 iines
148 2235 255 2290 Caucasi
273 2239 378 2301 montis,
398 2237 536 2287 Extsrchss
559 2241 662 2303 accepit·
707 2236 825 2288 Aracossi

64 2307 227 2370 Gedroaique
253 2306 367 2372 Sibyrtio
391 2302 539 2354 traduntur:
578 2303 693 2354 Drancae
718 2315 743 2354 et
762 2303 825 2353 Arei

62 2373 201 2424 Stasanori.
223 2374 381 2422 'Bactrianos
391 2371 516 2438 Amyntas
536 2373 652 2435 sortitur,
682 2369 824 2437 Sogdianos

62 2440 215 2506 Scythasue,
244 2441 356 2491 Nicanor
379 2439 493 2498 Parthos,
523 2437 658 2504 Philippus
683 2436 823 2505 Hyrcanos,
859 2499 862 2504 Ι

61 2507 240 2556 Phratasernes
259 2505 410 2564 Armenios,
432 2505 612 2570 Tleptolemus
631 2502 731 2567 Persas,
751 2505 823 2554 Peu-
884 2503 896 2521 ³

62 2585 143 2626 cestes
152 2572 319 2640 Babylonios,
333 2570 431 2622 Archon
443 2573 570 2638 Pelasgos,
585 2571 726 2622 Arcesilaus
735 2571 821 2620 Meso-

60 2642 227 2706 potamium.¹
247 2632 316 2689 Cum
330 2638 393 2689 haec
408 2638 505 2697 dianio,
524 2640 604 2689 veluti
623 2640 698 2690 fatale
718 2654 822 2699 munus,

61 2707 180 2777 singulis!
193 2709 349 2772 contigisset,
369 2710 403 2758 ita
416 2721 513 2771 uragna
531 2707 750 2781 incrementorum
768 2719 832 2764 maa,
850 2703 851 2707 ’
873 2741 878 2749 .
925 2713 927 2722 '
