2075 3000
148 152 151 157 ’
185 159 681 270 numerumnunerum
763 205 821 267 aar

30 295 98 357 rin,
119 289 276 363 depopulata
286 297 397 361 Parthia,
416 298 443 348 iu
454 299 564 366 patriam
573 311 748 352 revertuntur.
768 301 822 354 Sed

31 361 212 425 Artabanus,
231 366 300 416 bello
318 367 451 430 Torgariis
471 369 551 429 illato,
571 370 598 417 in
608 367 716 418 brachio
728 371 823 420 vulne·

36 443 135 491 ratus,
157 434 244 482 statim
255 432 366 496 decedit.¹
394 435 462 483 Huic
473 435 638 484 Mithridates
649 438 821 488 flliussncce-

38 499 106 552 dit:
126 501 169 548 cui
179 516 220 550 res
233 515 318 566 gestae
328 501 433 570 Magni
442 517 590 565 cognomen
600 502 708 564 dedere3
724 492 821 572 quip'ps

36 569 196 618 claritatem
215 583 362 634 pareutum,
381 570 553 620 aemulatione
573 573 676 620 virtutis
691 587 820 633 accensae,
867 609 871 620 .

39 634 135 686 animi
147 635 328 701 magnitudine
338 636 545 704 supergreditur.
568 635 651 688 Multa
663 640 743 705 igitur
751 639 820 692 bella
856 656 861 667 ¹

38 719 115 752 cum
126 703 242 753 finitimis
252 721 346 770 magna
363 706 459 756 virtute
470 705 560 769 gemit,
578 707 727 771 multosque
736 724 820 773 popu·
852 710 858 718 “

37 771 89 822 los
100 769 225 820 Parthico
235 787 318 836 regno
328 769 439 822 addidit.
469 769 523 823 Sed
533 786 559 823 et
568 789 629 823 cum
640 771 742 840 Scythis
753 789 820 839 pre-

42 854 128 906 apere
140 839 276 904 aliquoties
293 839 433 900 dimicavit,
452 841 573 904 ultorque
593 842 700 892 iniuriae
720 857 820 906 paren·

42 905 182 956 tumfrit.
211 905 255 956 Ad
274 902 436 972 paranetarum
455 906 611 967 Ortoadisti,
631 906 821 960 Armeniorum
844 939 851 955 ι
924 961 933 969 ,

43 973 121 1038 regi,
146 972 248 1024 bellum
267 975 364 1023 intulit.
395 971 593 1038 sedquoniam
614 976 643 1025 in
661 974 821 1026 Armeniam

45 1044 190 1090 transitum
205 1041 323 1112 facimus,
344 1042 416 1106 origo
431 1042 485 1090 eius
504 1044 583 1107 paulo
593 1041 669 1092 altius
677 1042 824 1110 repetenda

47 1117 104 1158 eat.
135 1108 223 1173 Neque
234 1111 306 1158 enim
325 1109 427 1158 silentio
447 1110 580 1175 praeteriri
595 1120 696 1158 tantum
706 1126 820 1176 regnum

47 1175 91 1226 fae
101 1185 147 1234 est,
168 1191 229 1226 cum
241 1179 306 1226 tinea
326 1177 389 1237 eius,
412 1187 470 1242 post
489 1173 628 1235 Parthiam,
647 1178 820 1226 omnium're-
894 1206 905 1214 -

48 1259 167 1314 gnorum
177 1241 389 1308 magnitudinem
397 1254 529 1309 superent.
549 1243 685 1305 Siquidem
695 1242 820 1302 Armenia

48 1330 65 1362 e
78 1309 243 1376 Cappadocis
262 1327 343 1376 usque
353 1327 424 1359 mare
446 1310 570 1375 Caspium
580 1310 701 1362 undecies
713 1323 820 1361 centum

47 1377 136 1427 millia
146 1388 229 1443 patet,
249 1377 296 1428 aed
315 1379 343 1427 in
362 1375 528 1427 latitudinem
546 1377 629 1426 millia
640 1393 763 1443 passuum
772 1395 819 1428 ee-

49 1446 189 1512 ptingeuta
203 1446 354 1524 porrigitup.
383 1443 495 1493 Condita
519 1455 654 1494 estautem
673 1444 704 1494 ab
723 1446 818 1496 Arme-

49 1516 106 1574 nio,
128 1512 225 1564 Iasonis
244 1513 361 1563 Thessali
381 1515 486 1562 comite:
506 1527 585 1576 quem
603 1527 666 1561 cum
684 1512 819 1578 perditum

71 1590 158 1645 reptet
168 1582 299 1647 insignem
308 1575 534 1647 perieulo'samque
543 1595 624 1643 regno
636 1595 684 1629 suo
695 1580 819 1631 virtutem

48 1597 135 1698 belias
154 1665 199 1699 rer
218 1662 336 1716 cuperet,
357 1647 507 1699 denuntiata
528 1647 634 1709 militia,
660 1648 687 1695 in
707 1644 818 1697 Colchos

50 1732 116 1765 eum
126 1710 197 1767 abire
204 1718 286 1776 iubet,
296 1717 444 1784 pellemque
452 1715 537 1764 arietis
547 1713 744 1765 memorabilem
754 1731 819 1779 gen·
834 1725 838 1732 ’

50 1782 123 1832 tibus
141 1796 283 1850 reportare5
293 1801 407 1850 ,sperans
426 1782 560 1832 interitum
570 1780 628 1841 viri,
648 1793 694 1831 aut
703 1796 733 1830 ex
743 1782 818 1847 peri·

49 1852 117 1899 culis
127 1862 180 1901 tam
192 1853 285 1917 longae
304 1849 482 1917 navigationis,
509 1864 554 1899 aut
568 1846 818 1913 exbeilotampro-
864 1845 871 1856 ’

49 1916 147 1968 fundae
162 1918 303 1969 barbariae.
331 1916 415 1983 Igitur
435 1918 519 1977 Iason,
541 1914 818 1981 divuigsta'opinicne

47 1995 105 2035 tam
124 1986 248 2050 gloriosae
269 1986 455 2051 expeditionis,
481 2000 544 2032 cum
562 1981 595 2029 ‘ad
615 1998 677 2030 eum
696 1982 821 2041 certatim

47 2054 179 2120 principes
189 2054 327 2102 iuventutis
337 2053 415 2102 totius
437 2051 521 2099 ferme
531 2048 600 2097 orbis
622 2059 816 2106 concurrerent,

49 2118 192 2171 exercitum
206 2120 409 2167 fortissimorum
428 2118 553 2173 virorum,
573 2114 619 2178 qui
629 2114 817 2182 Argonautae

50 2185 227 2249 cognominati
245 2196 319 2244 sunt,
340 2184 512 2251 comparavit:
532 2196 613 2245 quem
632 2196 695 2230 cum
714 2182 817 2245 magnis

48 2252 224 2317 rehusfgestis
244 2252 406 2302 ineolumem
424 2248 577 2308 reduxisset,
596 2262 686 2297 rumas
704 2246 816 2305 ePeliee
874 2308 877 2314 Ι
943 2253 948 2263 ’

34 2322 109 2379 ,filiis
123 2320 257 2371 Thessalia
268 2336 361 2383 magua
372 2320 397 2369 ri
409 2320 508 2384 pulsus,
529 2332 591 2365 cnm
610 2316 712 2381 ingenti
721 2315 823 2363 multi-⁸
899 2351 902 2358 ,

48 2384 148 2450 tudine,
169 2406 234 2455 quae
244 2386 278 2438 ad
287 2388 384 2439 samam
394 2388 496 2437 virtutis
511 2385 566 2433 eius
576 2399 607 2435 ex
617 2382 739 2433 omnibus
750 2398 816 2448 geu·
866 2388 871 2400 “

49 2454 119 2507 tibus
130 2458 244 2521 quotidie
255 2454 406 2514 confluebat,
427 2455 521 2503 comite
530 2448 624 2502 Medea
634 2466 722 2520 uxore,
734 2466 823 2517 quam.

49 2522 210 2591 repudiatam
228 2525 391 2575 miseratione
411 2523 482 2573 exilii
503 2536 609 2571 rursum
627 2528 768 2586 receperat,
789 2527 816 2567 et

50 2590 276 2671 Medicurrium.
296 2592 330 2653 ab
342 2592 431 2653 Aeaeo
441 2606 501 2665 rege
511 2587 724 2651 Atheniensium,
733 2588 814 2663 genr-

52 2684 95 2733 tc,
113 2670 223 2721 Colchos
252 2644 398 2737 repetivit,o
413 2681 585 2733 socerumque
603 2659 715 2714 Aeetam
732 2673 816 2732 regua
1006 2638 1010 2656 ⁹

54 2738 159 2807 pultum
173 2738 291 2791 restituit·
914 2738 918 2745 ‘
1006 2756 1007 2766 ¹
