2075 3000
162 144 260 206 aa
341 110 347 192 Ϊ
506 139 702 195 lvsrrur

221 261 270 312 pus
290 223 450 298 consectatus
469 245 515 306 sit,
537 222 686 310 aegreiprea
699 245 743 295 lilii
753 242 829 294 caede
841 223 983 295 amicorum

221 311 339 378 precibus
348 325 489 362 revocatur.
512 311 693 375 Quamobrem
702 310 850 362 Alexander
860 312 893 360 ad
903 330 984 361 arun·
1030 316 1031 325 ¹

221 380 310 435 culum
322 397 349 430 se
360 382 387 429 in
398 380 510 446 Epirum
520 396 582 429 cum
592 392 683 438 matre,
705 380 766 430 inde
777 379 810 429 ad
821 395 912 442 regern
926 381 984 447 1115-

221 449 319 497 tiorum
344 451 500 511 contulerat5
527 449 621 512 vixque
634 451 770 497 -revocanu
795 449 932 510 mitigatus
951 457 985 495 est

221 515 297 582 patri,
318 515 488 582 precibusque
509 526 676 584 cognatorum
688 532 761 580 aegre
772 515 860 567 redire
871 516 987 580 sompni·

202 580 205 590 ’
221 599 273 632 sus.
309 581 445 648 Olympias
455 599 564 648 quoque
578 581 689 632 ¹fratrem
699 599 778 631 suum
799 580 986 643 Alexandrum,

151 682 155 692 .
222 647 403 715 Epiri-regem,
425 652 452 700 in
473 651 572 699 bellum
587 649 759 708 subornabat,
780 648 986 716 pervicissetque,
1031 692 1033 701 ,

222 721 248 768 ni
260 717 326 766 tilius
347 720 442 784 nuptiis
453 729 526 784 pater
545 733 673 782 generum
694 727 852 782 occupasset.
881 715 931 766 His
940 719 987 765 sti-

221 785 408 834 mulis·irat·um
420 787 524 850 utrique
544 783 698 834 Pausaniam
713 784 753 834 <le
764 785 919 850 impunitate
935 795 987 834 stu·

221 853 262 916 pri
273 853 313 900 sui
323 850 484 917 querentem.
505 851 539 901 ad
556 863 656 901 tantum
666 853 763 901 lacinus
775 851 912 918 impulisse
932 868 988 900 ere-

222 916 328 967 duntur.
370 921 504 986 Olympias
526 933 595 969 eerte
615 919 725 984 fugienti
745 918 889 985 percussori
910 923 988 985 equus

223 1001 326 1050 quoque
336 999 497 1054 praeparatos
508 987 607 1037 babuit.
641 990 651 1036 l
656 1005 699 1052 psa
710 986 813 1045 deinde,
834 985 923 1036 aiulita
942 1005 988 1050 re·

223 1053 261 1116 gis
276 1067 345 1114 nece,
364 1069 427 1104 eum
447 1056 521 1104 titulo
541 1055 617 1104 officii
630 1053 670 1104 'ad
681 1055 814 1120 exsequias
825 1057 988 1115 cucurrisset,

169 1146 176 1152 ·
222 1121 337 1170 intraret
347 1121 486 1186 pendentis
496 1123 634 1186 Pausaniae
644 1124 730 1188 capiti,
741 1121 831 1170 eadem
842 1133 927 1182 nocte,
938 1139 988 1186 qua

223 1188 303 1246 venit,
323 1202 446 1240 coronam
465 1206 567 1240 auream
580 1190 727 1254 'imposuitt
750 1187 820 1254 quod
832 1205 911 1236 nemo
922 1192 987 1239 alius

223 1255 327 1316 audere,
350 1259 397 1304 nisi
409 1257 480 1318 llaec,
496 1257 634 1323 superstite
647 1256 761 1323 Philippi
773 1257 835 1315 lilio,
850 1259 987 1323 potuisset.

222 1321 321 1372 Paucos
332 1321 491 1390 deinde-post
501 1324 564 1383 dies,
576 1325 695 1373 -reliaum
707 1340 805 1390 eorpus
816 1323 987 1373 interfectoris
1031 1354 1032 1359 =

222 1391 430 1456 super-*reliquias
441 1392 529 1442 mariti
544 1393 679 1453 cremata
702 1404 728 1442 et
741 1392 881 1440 tumulum
897 1392 923 1440 ei
942 1411 985 1441 eo-

187 1500 191 1507 f
222 1453 463 1521 «ianuariarum,
486 1450 664 1527 parentarique
679 1457 765 1511 eidem
776 1460 927 1525 quotannis,
946 1461 988 1510 in·
1031 1472 1032 1481 ¹

224 1538 294 1575 elassa
305 1528 400 1593 populo
411 1530 601 1594 superstitione,
620 1529 728 1579 curauit.
750 1528 816 1577 'Post
824 1527 895 1576 'haec
907 1526 989 1577 Cleo·

224 1602 331 1657 patrant,
351 1610 424 1658 aqua
445 1596 516 1660 pulsa
531 1595 652 1661 ‘Philippi
672 1594 944 1656 matrimonio'luerat,
962 1598 988 1645 in

88 1702 97 1715 ,
124 1721 130 1728 ¹
170 1676 174 1681 ·
224 1658 324 1722 gremio
335 1661 388 1709 eius
399 1662 470 1727 prius
481 1663 683 1722 lilia'interseeta‚
704 1664 776 1711 finire
788 1664 868 1711 vitam
880 1680 990 1730 suspen·

223 1724 268 1775 dio
287 1730 378 1793 coegit,
399 1731 597 1794 spectaculoque
615 1727 749 1795 pendentis
768 1730 898 1777 ultionem
910 1732 990 1798 potita

225 1806 270 1853 est,
282 1788 405 1860 adquam
416 1812 462 1861 per
472 1796 818 1862 parricidium'sestinaverat.
838 1796 989 1847 Novissime

225 1860 350 1925 gladium,
370 1878 421 1926 quo
442 1878 487 1911 rex
505 1867 638 1928 percussus
658 1876 713 1923 est,
732 1864 849 1930 Apollini
870 1865 922 1914 sub
941 1883 988 1915 uo-

225 1930 296 1979 ruine
305 1930 428 1996 'Myrtalis
448 1932 619 1982 consecravit:
637 1931 693 1979 'hoe
712 1933 783 1983 enim
805 1948 907 1981 nomen
932 1946 989 1983 aute

225 1992 389 2065 Olympiadis
408 1999 530 2064 parvulae
543 1999 621 2050 duit..
651 2000 725 2063 Quae
743 2000 830 2047 omnia
852 2001 886 2049 ita
903 2003 989 2065 palam

227 2064 288 2115 sacia
308 2075 378 2120 silut,
397 2075 425 2113 ut
444 2066 561 2117 timuisse
580 2064 708 2130 videatur,
728 2082 766 2115 ne
785 2066 884 2117 latinus
905 2069 941 2117 ab
961 2084 990 2118 ea

225 2135 392 2186 commissum
403 2150 455 2181 non
466 2132 625 2201 probaretur.
930 2186 943 2198 υ

293 2200 367 2250 Car.
381 2200 454 2250 Vlll.
475 2200 591 2250 Decessit
602 2200 742 2268 ‘Philippus
762 2216 795 2250 xr.
810 2211 836 2249 et
848 2216 891 2251 vu
907 2220 981 2253 anno

225 2282 298 2329 tum,
317 2284 376 2317 cum
388 2270 459 2317 annis
470 2284 519 2318 xxv
530 2280 669 2334 regnasset.
699 2268 805 2319 ‘Genuit'
815 2285 845 2317 ex
856 2271 994 2321 Larissaea

224 2337 350 2385 saltatrice
361 2335 442 2384 lilium
453 2334 609 2397 auduom,
631 2338 674 2400 qui
685 2347 742 2402 post
752 2335 931 2386 Alexandrum
944 2354 992 2385 re.

137 2414 142 2419 '
224 2404 319 2467 gravit
355 2398 451 2451 llabuit
462 2414 487 2451 et
498 2404 562 2451 alios
573 2403 669 2453 multos
681 2420 711 2452 ex
717 2402 799 2471 „variis
810 2406 993 2455 matrimoniis

225 2473 377 2536 regiomore
397 2480 535 2534 susceptos,
555 2472 601 2534 qui
620 2470 783 2535 partimfato,
807 2472 904 2535 partim
919 2473 994 2522 ferro

223 2538 331 2601 periere.
365 2533 428 2583 Fuit
437 2552 481 2595 rex
491 2553 632 2593 armorum,
652 2554 731 2601 quem
740 2540 929 2596 conviviorum,
945 2559 993 2607 ap·

224 2602 353 2667 paratibus
372 2601 522 2663 studiosior3
542 2604 582 2651 eui
592 2605 782 2671 maximaeopes
796 2617 869 2654 erant
884 2610 988 2657 instru-

225 2679 310 2719 muita
320 2667 463 2719 bellorum:
482 2667 633 2719 divitiamm
647 2684 758 2735 quaestu,
778 2681 857 2738 quain
868 2674 991 2726 custodia
