2075 3000
160 136 169 158 Χ

258 158 558 227 nrsrouriavu
579 177 656 230 ma.
672 180 707 231 11.
821 191 857 246 21

91 277 151 327 ism
168 277 315 326 etiamnum
327 289 458 326 contemtu
468 279 585 327 virorum
599 295 627 328 se
636 291 752 332 tuentur.
778 282 813 332 Et
824 301 858 334 ue

93 345 226 394 feliciores
235 345 299 412 aliae
318 345 373 392 aliis
385 343 555 405 'vitlerenuir3
577 346 652 407 viros,
672 350 717 412 qui
731 350 804 400 domi
815 367 858 399 η.

94 424 255 470 manserant,
277 413 439 460 interficiunt.
472 412 605 462 Vltiooem
615 431 718 479 quoque
727 433 859 467 caesorum
906 419 911 426 “

90 480 252 541 ‘coniugum
274 477 371 526 excidio
382 480 553 529 finitimorum
563 494 765 545 consequuntur.
790 483 859 532 Turn

113 563 160 594 ace
172 549 250 594 armis
261 547 387 608 quaesita,
407 563 440 594 ne
452 559 535 611 genus
543 547 671 608 interiret,
692 549 859 599 concubitum

90 563 383 661 linitimonrmineunt.
413 609 442 660 st
459 615 505 677 qui
522 628 793 688 maresnapcerentur,
812 617 858 664 iu*
884 670 897 687 Χ
920 672 923 681 ¹

91 679 268 741 terficiebant.
304 680 427 742 Virgines
437 681 465 728 iu
476 679 587 730 eundern
598 682 660 745 ipsis
670 699 783 740 morem,
803 696 857 731 non

42 762 50 768 ·
90 749 157 808 otio,
181 764 265 810 neque
285 745 412 809 lanificio}
433 746 478 796 scal
498 749 586 808 armis,
606 750 693 811 equis,
713 751 858 798 venationi-

89 813 143 862 bus
159 813 319 870 exercebant,
336 814 425 862 inustis
437 813 566 864 infantum
575 812 762 865 dexterioribus
770 832 856 865 mana·

92 883 152 941 mis,
175 898 207 929 ne
218 881 372 944 sagittarum
394 883 473 930 iactus
491 880 673 946 impediretur:
694 880 857 935 unsleAuss·

91 963 172 996 nones
181 947 264 996 dictae
274 958 343 995 sunt.
355 985 356 990 ,
374 947 448 996 Duae
459 948 499 997 his
509 949 612 1013 reginae
623 948 708 1008 fuere,
728 949 855 1015 Marpesia

65 1057 70 1062 ,
91 1027 120 1064 et
128 1012 271 1079 Lampetlo‚
293 1017 394 1077 quaein
406 1014 565 1080 duaspartca
579 1017 683 1077 agruine
693 1016 790 1077 diviso,
810 1018 855 1064 in·
895 1039 899 1044 -

91 1081 175 1147 elytae
186 1083 237 1128 iam
249 1080 350 1145 opibus,
374 1081 472 1130 vicibus
484 1081 606 1146 gerebant
616 1081 691 1142 bella,
711 1085 780 1130 solae
801 1095 856 1132 ter·

90 1151 179 1210 minop
190 1149 294 1195 alternis
301 1147 483 1197 defendentes:
504 1159 573 1196 etue
587 1151 746 1199 successibus
756 1147 855 1198 deesset

91 1217 245 1273 auctoritas,
275 1215 371 1277 genitas
391 1233 418 1263 se
438 1217 521 1265 Marte
539 1213 729 1280 praedicabant.
763 1217 855 1280 ltaque

90 1284 192 1331 maiore
202 1292 273 1345 parte
285 1282 402 1347 Europae
411 1283 521 1338 subacta,
541 1280 616 1330 Asiae
627 1299 731 1347 qnoque
742 1284 855 1330 nonnul·
876 1335 883 1343 ‚

91 1351 130 1398 las
142 1349 256 1397 civitates
270 1365 435 1414 occupavere.
461 1347 501 1396 lbi
512 1347 624 1412 Epheso,
643 1351 787 1412 multisque
797 1350 854 1397 aliis

92 1415 201 1464 urbibus
214 1414 332 1473 conditis,
352 1427 453 1480 partem
463 1417 589 1462 exercitus
600 1430 660 1462 cum
672 1417 770 1478 ingenti
780 1431 854 1480 prae·

93 1481 246 1533 dadomum
264 1481 407 1531 dimittunt.
436 1482 572 1545 Reliquae,
597 1498 662 1545 quae
676 1481 709 1531 ad
726 1479 854 1531 tuendum

81 1549 171 1599 ¹-Asiae
181 1550 321 1615 imperium
336 1560 524 1608 remanserant,
545 1564 673 1597 concursu
686 1547 855 1600 barbarorum

94 1633 155 1665 cum
166 1618 293 1681 Marpesia
307 1620 395 1680 regina
411 1618 616 1665 interficiuntur.·.
635 1614 754 1665 Iahnius
767 1617 854 1664 loculo

94 1684 145 1733 iilia
157 1685 212 1731 eius
224 1684 334 1748 (Jritlrya
345 1692 430 1749 regno'
436 1682 562 1732 succedit:
582 1684 632 1741 cui,
652 1695 751 1748 praeter
760 1684 853 1748 singu·
924 1741 925 1744 Ἴ

96 1751 174 1799 larem
184 1751 245 1797 bclli
257 1752 398 1809 scientiam,
412 1749 502 1799 eximia
513 1762 625 1799 servatae
637 1752 663 1798 in
672 1766 751 1801 omne
760 1764 855 1799 aerum

97 1819 249 1881 virginitatis
263 1815 395 1865 admiratio
406 1818 463 1865 fuit.
494 1818 577 1866 Huius
587 1819 681 1866 virtute
693 1828 795 1865 tantum
804 1814 855 1865 ad-

96 1884 180 1933 ditum
204 1886 300 1949 gloriae
311 1896 336 1932 et
356 1884 437 1933 famae
451 1882 616 1933 Amazonum
633 1895 679 1945 est,
697 1895 727 1934 ut
747 1884 855 1933 Herculi

95 1968 148 2013 rex,
169 1951 209 1998 cui
221 1969 257 1999 x11
268 1950 394 2015 stipendia
405 1950 519 2009 debebat,
542 1953 615 2016 quasi
624 1950 789 2016 impossibile,
799 1954 855 1999 im-

45 2019 51 2033 '
114 2012 229 2075 eraveiit,
251 2030 279 2079 ut
289 2036 360 2066 arma
379 2020 481 2081 reginae
498 2017 661 2067 Amazonum
675 2018 725 2066 sibi
744 2018 853 2065 afferret.

95 2036 135 2134 bo
146 2086 224 2150 igitur
235 2084 361 2149 profectus
372 2086 455 2148 longis
467 2102 563 2134 novem
574 2086 695 2144 navibus,
715 2086 853 2133 comitante

97 2153 242 2217 principum
264 2152 384 2201 Graeciae
397 2152 539 2214 iuventute,
558 2152 719 2217 inopinantes
727 2147 854 2216 aggredi-¹
868 2165 872 2169 ‘

98 2230 148 2267 tur.
178 2218 251 2267 Duae
262 2230 318 2266 tum
329 2234 427 2267 sorores
440 2216 604 2279 Amazonum
614 2231 694 2281 regns
704 2215 853 2273 tractabant,

47 2287 50 2291 ’
98 2283 210 2351 Antiope
222 2297 246 2332 et
262 2283 383 2351 Oritbya:
403 2284 448 2335 scd
468 2282 758 2351 Orithyaforisbellum
777 2299 853 2349 gers-
886 2335 889 2347 Ι

98 2351 148 2401 bar.
178 2352 261 2416 Igitur
272 2368 333 2401 cum
347 2353 468 2402 Herculea
479 2350 512 2400 ad
523 2354 584 2400 litus
593 2350 757 2400 Amazonum
766 2351 853 2417 appli-

99 2420 163 2477 cuit3
184 2420 334 2482 infrequens
344 2418 482 2469 multitudo
494 2435 556 2467 cum
564 2417 678 2482 Antiopa
687 2420 788 2482 regina,
808 2419 853 2465 ui·
915 2453 919 2462 ,

100 2484 136 2534 lril
146 2484 387 2547 hostilemetueute‚
407 2499 467 2535 erat.
498 2486 556 2549 Qua
576 2504 604 2535 re
623 2487 805 2545 elicuerunt,
825 2494 866 2547 ut!

119 2568 209 2610 aucae,
227 2556 362 2617 repentino
382 2554 499 2603 tumultu
514 2554 616 2611 excitae,
635 2561 855 2607 armasumerent,

100 2570 253 2685 isailemque
264 2623 398 2672 victoriam
408 2620 526 2671 hostibus
535 2620 633 2671 darent.
661 2616 759 2669 Multa'c
770 2620 857 2682 itaque
