2075 3000
789 117 797 150 t
855 131 863 142 ι

206 173 245 232 tt
486 160 680 226 rvsrms

207 267 264 318 Soli
284 268 354 318 enim
373 276 554 335 praeterquam
573 266 746 323 incremento,
771 262 849 314 mam
864 262 989 327 ,origine

206 337 360 401 gloriantur.
394 331 497 400 Quippe
509 349 561 380 non
572 331 693 391 advenae,
713 331 912 398 nequevpassim
926 333 987 380 col·
1026 286 1028 379 l

182 424 187 432 ‘
205 408 270 456 lecta
280 403 371 469 populi
382 401 504 450 colluvies
515 401 642 464 originem
654 399 710 447 urbi
721 397 807 449 dedit:
818 397 867 448 sed
879 395 984 446 eodem

122 524 125 530 ,
205 473 365 528 inrdiculo,
389 465 458 533 quod
478 468 607 527 incolunt;
629 463 907 531 etquaeillIussedes,
932 484 984 515 ea·
1026 492 1027 507 i

205 541 266 592 dem
276 540 347 602 origo
359 547 404 584 est.
433 534 514 583 Primi
525 534 637 591 lanificii,
658 536 756 595 etolei,
779 546 805 583 ct
824 534 983 583 vintusum
1026 518 1028 569 l

205 606 323 656 docuere.
344 601 424 674 Aram
435 619 547 666 quoque,
568 613 596 654 et
603 619 685 651 serere
698 602 834 662 frumenta,
844 599 981 664 glandem

207 671 373 722 vescentibus
384 679 568 718 monstrarunt.
602 670 703 718 Literae
713 682 782 727 certe
803 687 832 718 ac
841 667 980 728 facundis,

206 754 230 790 ct
242 740 284 788 hic
305 740 387 787 civilis
407 734 470 784 ordo
481 733 637 800 disciplinae,
649 736 730 786 veluti
741 739 877 801 templum,
889 733 979 784 Athe·
1026 790 1027 795 ¹

203 823 249 856 uass
259 805 365 866 habent„
374 803 440 854 Ante
452 803 616 852 Deucalionis
626 814 741 869 tempora
750 821 840 868 regent
850 800 975 852 habuere
1026 802 1027 839 ἕ

204 871 360 937 Cecropem:
382 888 468 934 quem,
490 871 615 918 ututunis
633 871 768 936 antiquitas
788 870 905 919 fabulosa
925 881 976 932 est,
1026 886 1027 915 ;

203 940 342 988 biformem
362 935 503 999 tradidere,
530 938 590 1000 quia
609 939 709 1002 primns
733 955 833 987 marem
853 936 972 991 feminae
1026 938 1027 991 J

204 1007 370 1059 matrimonio
390 1005 479 1052 innuit.
510 1001 576 1052 llnic
598 1007 718 1052 successit
738 1003 866 1063 Cranaos,
891 1005 970 1062 cuins
1026 1008 1027 1051 i

203 1076 254 1125 filia
268 1071 339 1123 Athis
349 1074 447 1136 regioni
459 1087 553 1120 untncu
564 1069 645 1120 dedit.
662 1069 723 1124 Post
733 1070 802 1119 bunc
811 1069 970 1138 Amphicty-
1026 1090 1027 1111 1

204 1141 372 1204 ottregnarit,
394 1139 437 1201 qui
450 1139 549 1202 primns
560 1136 694 1186 Mineruae
705 1137 795 1186 urbem
806 1137 923 1195 sacrarit,
940 1151 968 1188 et

203 1223 298 1254 nomen
319 1207 411 1252 civitati
433 1205 548 1252 Athenas
568 1203 648 1254 dedit.
691 1206 774 1254 Huius
794 1205 965 1269 temporibus,

203 1291 329 1336 aqttarnm
344 1272 444 1328 illuvies
463 1271 589 1320 maiorem
599 1267 698 1337 partem
710 1275 868 1340 populorum
879 1272 967 1321 Grac·

205 1342 257 1390 cine
269 1337 401 1388 absumsit.
425 1335 632 1402 Superinerunt,
653 1354 718 1402 quos
728 1339 825 1401 refugia
837 1340 971 1390 montium

203 1417 371 1471 receperunt,
392 1417 435 1454 aut
458 1405 491 1452 ad
509 1421 598 1469 regern
619 1404 766 1454 Thessaliae
778 1405 966 1456 Deucalionem

180 1506 181 1509 =
203 1473 300 1525 ratibus
311 1475 393 1523 evecti
404 1485 469 1529 sunt,
481 1490 506 1524 ,a
526 1489 578 1535 qno
593 1483 727 1537 propterea
738 1489 819 1538 genus
829 1471 966 1530 hominum

204 1541 337 1591 conditum
358 1540 460 1586 dicitur.
493 1538 541 1585 Per
550 1538 669 1587 ordinem
684 1538 780 1589 deiude
797 1541 964 1591 successionis

145 1616 147 1625 '
203 1624 314 1673 regnum
325 1604 356 1654 ad
379 1604 549 1653 Erechtheum
561 1604 701 1668 descendit,
721 1606 769 1655 sub
780 1608 964 1672 quofrumeuti

188 1672 265 1723 'sntio
277 1671 346 1738 apud
358 1671 460 1719 Eleusin
478 1691 492 1720 a
512 1672 672 1736 Triptolemo
682 1685 783 1739 reperta
795 1686 847 1735 estt
872 1675 899 1723 in
918 1692 962 1725 cn·

203 1744 242 1791 ius
253 1741 368 1791 muueris
384 1738 507 1787 bunos-em
519 1750 606 1787 noctes
617 1741 751 1789 initiorum
761 1754 877 1792 sacratae·
911 1742 961 1791 Te-

141 1828 144 1835 ·
203 1811 259 1857 nuit
270 1806 401 1871 etAegetn,
422 1806 618 1871 'slieseipater‚,
627 1804 735 1857 Athenis
744 1826 869 1875 regnum,
886 1827 961 1875 aqtto

203 1892 250 1942 per
260 1874 396 1923 divortium
411 1874 537 1922 decedens
548 1874 650 1934 Medea,
668 1886 773 1940 propter
781 1878 896 1926 adultam
905 1880 961 1942 pri-

207 1936 407 2006 nigni'aetatem¹
429 1936 540 1988 Colchos
559 1956 620 1989 cum
639 1942 729 1994 Medio
747 1944 809 2004 filio,
832 1960 863 1992 ex
872 1944 960 2007 Aegeo

204 2020 329 2073 strsceptm
351 2010 485 2066 ctsnairssit.
522 2006 582 2055 Post
601 2005 719 2074 Aegeum
729 2007 853 2070 Theseus,
871 2011 959 2060 sede..

203 2079 290 2140 inceps
301 2075 393 2152 Thesei
406 2076 474 2123 filius
484 2073 666 2140 Demophoon,
685 2078 730 2141 qui
741 2079 867 2129 auxilinm
876 2078 959 2130 Grae-

203 2145 239 2193 cis
250 2142 371 2193 adversus
383 2140 508 2193 Troianos
519 2142 591 2201 tulit,
612 2159 722 2209 regnum
732 2144 853 2209 possedit.
881 2148 961 2197 Erant

202 2208 268 2258 inter
287 2208 459 2259 Athenienses
479 2222 503 2259 et
522 2208 662 2259 Dorienses
682 2212 845 2264 simultatum
863 2224 957 2267 ,veteres
1026 2261 1028 2275 ,

202 2278 319 2334 offensae,
341 2296 403 2341 quas
415 2278 566 2327 vindicaturi
576 2276 646 2325 bello
657 2278 802 2341 Dorienses,
823 2280 856 2329 de
865 2292 955 2331 eventu

200 2346 291 2410 proelii
302 2347 401 2393 oracula
418 2348 613 2398 eottsuluernnt
648 2346 818 2410 Responsum,
838 2347 957 2414 superio-¹

143 2410 146 2417 '
200 2427 245 2476 rus
250 2410 322 2474 fore,
341 2414 371 2460 ni
381 2406 471 2480 regerit
481 2411 869 2466 Atheniemium'ocor'dissent.
889 2414 955 2465 Cum
1026 2457 1028 2486 ἰ

199 2488 307 2527 ventum
317 2492 380 2527 esset
392 2480 418 2527 in
430 2480 544 2540 bellum,
563 2480 689 2529 militibus
700 2493 759 2530 ante
770 2483 856 2532 omnia
873 2493 955 2531 eusto-

199 2542 241 2594 dia
270 2547 529 2613 regis‚p1·aecipitur·
564 2544 767 2599 Atheniensibus
792 2566 823 2599 eo
844 2561 955 2614 tempore
1026 2567 1028 2591 :

113 2614 123 2631 ¹
198 2624 244 2665 rex
259 2608 361 2665 Codrus
381 2625 448 2679 eran
471 2616 554 2681 quiet
570 2612 755 2682 responsus,
776 2628 802 2667 et
818 2616 953 2683 praeceptis
