2075 3000
195 161 248 272 ἰο
491 201 687 265 rvsr1u1

210 309 335 379 psnlstim
354 307 465 366 eederet.
484 316 581 356 matres
601 317 627 356 et
645 320 738 356 uxores
756 321 847 357 eornm
865 305 975 359 obviem

211 387 360 427 occurrunt:
370 387 450 435 eram,
461 378 491 426 in
499 373 630 441 proelium
640 385 811 425 revertantur.
838 371 974 424 Cunctan-

210 443 292 504 tibus‚
314 443 412 493 sublata
430 453 513 502 veste,
541 440 664 491 obseoena
688 443 801 508 eorporis
821 438 974 500 ostendunt,

209 522 337 576 rogantes,
357 526 422 559 num
430 511 461 560 iu
480 517 574 558 uteros
582 517 698 558 matrum
707 508 753 559 vel
762 525 875 558 uxorum
884 505 974 558 velint

210 575 360 648 refugere?
390 576 445 626 Hae
463 578 573 642 repressi
592 577 771 640 castigatione,
793 577 820 624 in
839 577 974 641 proelium

210 645 329 696 redeunt:
350 653 376 692 et
395 643 459 694 faeta
478 644 652 708 impressione,
675 659 739 708 quos
759 641 905 708 fugiebant,
926 643 974 690 su-

210 717 271 776 gere
291 711 460 776 compellunt.
495 711 527 759 In
545 725 577 756 eo
596 711 694 775 proelio
713 708 839 776 Astyages
858 710 973 775 eapiturt

144 795 148 807 ¹
211 777 422 845 cui'Cyrusuibil
442 775 512 825 aliud
531 793 610 840 quem
630 791 741 841 regnum
753 778 870 826 abstulit:
890 791 996 841 nepo-,

118 865 119 869 ¹
210 856 315 910 temque
332 845 358 892 in
375 845 420 892 illo
437 846 531 910 msgIs,
552 861 630 907 quam
645 846 784 900 victorem,
805 843 870 909 egit:
891 859 972 891 enm·

211 929 261 976 que
271 913 397 960 maximoe
408 913 478 975 genti
493 911 670 976 Hyrcanorum
680 911 836 976 praeposuit.
865 909 972 958 Nomio
1018 946 1019 949 η

209 977 301 1028 Medos
311 980 404 1026 reverti
415 981 468 1043 ipse
479 979 572 1026 noluit.
604 977 654 1026 Hic
669 979 728 1027 finis
737 975 877 1030 Medorum
887 977 974 1044 impe·¹

210 1047 243 1094 rii
253 1047 309 1094 suit·
334 1045 519 1108 Regnaverant
529 1059 610 1093 annos
621 1059 695 1094 cece.

278 1110 351 1160 Cur.
364 1111 423 1164 vlt.
445 1113 521 1181 Initio
530 1113 618 1176 regui,
639 1109 722 1178 Cyrus
732 1111 857 1180 Sybarem
868 1121 971 1176 coepto·

210 1193 270 1228 rum
280 1179 392 1238 socium,
413 1194 492 1242 quem
504 1181 573 1227 iuxta
585 1191 741 1228 nocturnum
751 1182 839 1230 risum
849 1190 971 1242 ergastu-

194 1248 237 1302 ,lo
247 1244 407 1305 liberauerat,
429 1247 602 1308 comitemque
611 1247 639 1293 in
650 1247 771 1295 omnibus
781 1245 858 1294 rebus
875 1244 972 1293 hahuea

209 1324 255 1371 rst,
276 1309 360 1360 Persis
370 1314 522 1377 praeposuit,
542 1328 707 1375 sororemque
717 1321 791 1362 suam
802 1313 825 1360 ei
836 1313 864 1359 in
879 1312 972 1360 matri-

210 1379 328 1428 monium
340 1378 419 1428 dedit.
440 1375 493 1426 Sed
504 1381 627 1437 civitates,
647 1395 712 1442 quae
736 1378 875 1428 Medorum
890 1377 971 1426 tribu·

211 1445 411 1506 terioesuersut,
432 1455 530 1494 mutato
556 1445 678 1511 imperio,
698 1447 776 1494 mam
796 1443 970 1493 conditionem

210 1528 284 1562 suam
294 1522 418 1561 mutatam
434 1514 594 1570 arbitrantes,
616 1530 629 1561 a
641 1511 710 1577 Cyro
721 1511 885 1562 defecerunt:
905 1527 971 1575 quae

211 1595 252 1627 res
272 1580 417 1627 multorum
441 1578 573 1626 bellorum
593 1577 661 1641 Cyro
681 1595 756 1628 causa
776 1591 803 1629 et
821 1581 894 1642 origo
913 1578 971 1628 snit.

212 1645 324 1693 Domiti·
335 1643 444 1692 demum
454 1644 598 1708 plerisque,
618 1659 679 1692 enm
690 1644 810 1694 adversus
821 1646 970 1710 babylonios

211 1710 312 1759 bellum
331 1723 440 1774 gereret,
468 1710 614 1774 Babyloniis
632 1727 677 1761 rex
697 1709 832 1779 Lydorum
852 1711 970 1771 Croesus,

213 1780 288 1843 euius
297 1792 358 1843 opes
369 1777 507 1826 et'divitiae
519 1778 632 1840 insignes
642 1793 670 1826 es
681 1789 830 1843 tempestate
839 1790 924 1838 erant,
943 1780 970 1827 in

212 1846 339 1895 auxilium
358 1845 439 1901 venit:
459 1844 594 1907 victusque
614 1845 667 1893 iarn
678 1862 708 1893 ao
717 1846 855 1905 desolatus,
876 1850 903 1895 in
923 1863 970 1895 re·

212 1928 295 1979 gnum
311 1910 414 1975 refugit.
445 1909 528 1975 Cyrus
543 1926 645 1975 quoque
660 1914 880 1973 permistorum,
901 1930 971 1962 eom-

212 1979 299 2044 positis
319 1979 345 2026 in
365 1975 504 2043 Babylonia
523 1977 608 2033 rebus,
629 1977 729 2027 bellum
748 1981 868 2028 transfert
878 1980 904 2027 in
915 1981 970 2046 Ly-

163 2042 172 2055 *
212 2044 292 2094 diam.
312 2043 353 2092 lbi
364 2045 465 2095 fortuna
473 2044 563 2111 prioris
574 2045 663 2109 proelii
674 2046 821 2111 perculsum
831 2046 971 2106 iamCroe-

173 2115 179 2123 “
212 2114 233 2161 si
244 2112 386 2161 exereitum
395 2112 468 2160 nullo
479 2112 582 2174 negotio
592 2109 689 2161 fundit:
710 2113 819 2162 Croesus
830 2115 883 2179 ipse
894 2115 968 2179 eapi·
1016 2153 1017 2180 ,

213 2190 263 2229 tun
285 2176 338 2228 Sed
353 2190 449 2242 quanto
469 2179 568 2228 bellum
587 2181 695 2228 minoris
715 2180 924 2245 perieuliktanto
943 2191 969 2229 et
1016 2183 1017 2212 ³

212 2246 300 2294 mitior
317 2246 422 2295 uictoria
442 2246 502 2293 suit.
539 2245 633 2294 Croeso
652 2257 678 2295 et
697 2249 756 2306 rita,
777 2258 803 2295 et
823 2247 969 2311 patrimonii

211 2322 304 2378 partes,
321 2323 347 2361 et
361 2312 422 2363 urbs
432 2312 510 2361 Barce
531 2328 648 2361 concessa
658 2325 730 2362 suut:
751 2315 840 2378 inqua
861 2313 967 2365 etsinou
1016 2341 1017 2344 ¹

211 2382 310 2442 regiam
321 2380 406 2439 vitam,
427 2382 573 2445 proximem
582 2390 668 2429 tamen
680 2382 803 2430 maiestati
813 2383 899 2443 regiae
917 2379 967 2430 ‹le-

212 2455 294 2511 geret.
329 2447 398 2495 Hsee
423 2447 561 2495 elementia
580 2463 634 2495 non
658 2445 744 2495 minus
763 2448 871 2507 victori,
891 2464 968 2512 quem

206 2512 287 2571 sicto,
307 2514 377 2561 utilis
393 2513 451 2561 suit.
482 2513 587 2578 Quippe
606 2528 636 2561 ex
655 2515 774 2563 universa
785 2515 907 2575 Graecia,
921 2530 967 2563 eo-

165 2582 171 2585 “
213 2579 293 2642 guito,
304 2577 375 2643 quod
384 2580 484 2628 illatum
495 2576 592 2628 Croeso
602 2580 701 2629 beilum
711 2592 784 2639 esset,
793 2582 889 2630 auxilie
898 2581 968 2630 velut

212 2643 245 2695 ad
257 2660 395 2701 commune
405 2644 621 2717 emunguendum
631 2645 781 2704 interdum
800 2647 966 2717 eontinehsnt,
