2075 3000
164 194 461 252 ursnoarauvu
481 195 560 273 crs.
578 196 682 260 xxm
726 196 730 207 ’
763 189 821 261 'tat

47 295 98 360 qui
109 291 204 364 Belgio
214 297 279 350 duce
290 297 442 352 Macedonas
461 303 583 360 vicerant,
602 301 748 368 indignatus
757 315 821 367 par·

47 371 76 412 ta
86 365 200 416 victoria
210 371 327 434 opimam
336 369 468 434 praedam,
489 381 514 424 et
525 368 640 418 Orientis
650 367 740 434 spoliis
751 383 821 415 onu-

47 439 140 492 stam,
162 443 216 482 tam
250 435 325 485 tacite
358 435 474 484 relictam
494 451 561 497 esse,
575 437 641 500 ,ipse
652 432 768 484 adunatis
788 447 820 482 cu
884 435 893 448 ⁶

45 497 175 548 millibus
185 499 313 566 peditum,
333 511 357 550 et
366 501 527 552 zumillibus
547 503 673 566 equitum,
694 505 720 551 in
730 499 821 549 Mace-

45 559 163 616 dofll‘em
175 567 303 634 irrumpit.
332 565 401 618 Cum
421 585 496 634 agros
505 569 632 633 villasque
642 568 820 635 poprdaretur,

47 633 167 681 occurrit
177 635 198 682 ei
209 651 269 684 cum
280 636 405 685 instructo
413 637 525 684 exercitu
533 635 709 684 Macedonum
714 633 820 684 Sosthe-

45 713 110 746 nes:
132 698 179 748 sed
189 703 264 767 pauci
275 721 289 752 a
299 702 427 768 pluribus,
441 702 539 768 trepidi
549 722 563 752 a
573 703 724 763 ualentibus,
742 701 818 752 facile

44 765 203 816 vincuntur.
223 770 312 835 Itaque
324 785 385 818 cum
396 771 457 820 vieti
469 785 495 817 se
505 767 660 819 Macedones
670 771 734 818 intra
753 783 818 818 rnu-

44 845 90 880 ros
113 833 223 885 urbium
242 834 432 899 condidissent3
456 837 540 885 victor
559 836 691 895 Brennus,
711 837 817 884 nemine

42 897 218 964 prohibente,
243 905 322 953 totius
347 901 512 953 Macedoniae
536 919 612 968 agros
635 901 815 970 depraedatur.

43 963 220 1034 lude,'quasi
242 981 343 1020 terrena
362 971 415 1020 iam
430 969 510 1038 spolia
530 970 674 1030 sorderent,
694 971 816 1019 animum
829 957 841 977 Ι
888 966 894 973 ”

43 1030 78 1080 ad
89 1031 206 1086 deomm
223 1037 410 1090 immortalium
431 1037 528 1102 templa
539 1040 674 1097 convertit,
694 1037 815 1088 sctarrili-

42 1107 82 1146 ter
92 1101 202 1164 iocatus,
222 1103 371 1172 locupletes
382 1103 448 1154 deos
457 1103 560 1174 largiri
567 1103 720 1155 hortinibua
730 1108 822 1170 opor-'

42 1173 116 1216 tere.
138 1167 233 1221 Statim
242 1178 321 1240 igitur
332 1172 449 1239 Delphos
459 1174 508 1221 iter
526 1171 612 1234 vertit,
632 1169 755 1238 praedam
773 1186 814 1218 re·
858 1181 861 1184 ’

43 1229 154 1299 ligioni,
175 1255 268 1288 autrum
282 1241 391 1290 offensae
408 1241 517 1290 deorum
536 1240 724 1289 immortalium
734 1252 814 1302 prse-

45 1299 147 1365 ferens3
169 1321 238 1374 quos
248 1305 331 1358 nullis
342 1306 438 1375 opibus
449 1323 543 1422 apere,
559 1306 648 1375 utqui
658 1302 815 1374 easlargirs'

44 1363 205 1422 bominibus
225 1373 347 1434 soleant,
372 1373 468 1424 affirma
488 1383 532 1422 at·
557 1373 702 1437 Templum
727 1383 814 1421 autem
888 1412 890 1416 ,

44 1434 180 1504 Apollinis
191 1441 302 1509 Delphis
321 1443 436 1509 positum
456 1443 529 1490 estin
537 1439 628 1489 moute
646 1437 765 1500 Parnaso,
786 1437 813 1487 in

43 1520 112 1571 rupe
126 1507 243 1573 undique
267 1510 441 1576 impendente.
467 1508 506 1558 lbi
527 1510 656 1557 civitatem
666 1507 813 1573 frequentia

45 1574 191 1624 hominum
201 1576 269 1637 iecit,
289 1578 335 1642 qui
354 1576 386 1625 ad
397 1576 594 1626 affimationem
603 1576 743 1625 maiestatis
758 1590 812 1624 uu-

47 1638 130 1705 dique
142 1655 335 1703 concurrentes,
355 1644 382 1693 in
393 1661 423 1693 eo
434 1660 494 1693 saxo
505 1642 652 1692 consedere.
681 1641 768 1707 Atque
777 1642 813 1691 itu

46 1710 182 1775 templum
193 1720 217 1759 et
226 1713 354 1761 civitatem
372 1728 424 1761 uon
434 1712 513 1771 muri,
534 1709 579 1760 sed
589 1710 744 1775 praecipitia,
764 1722 813 1758 nec

47 1776 217 1835 manufacta,
234 1777 279 1826 sed
289 1780 414 1829 naturalia
425 1776 552 1845 praesidia
562 1775 718 1826 delendunt:
738 1791 813 1841 prou·

48 1852 92 1888 sus
114 1852 144 1890 ut
164 1844 293 1907 incertum
312 1847 352 1904 sit,
370 1857 458 1895 utrum
478 1845 674 1894 munimentum
693 1844 758 1901 loci,
778 1858 812 1891 au

48 1909 170 1958 maiestas
189 1910 233 1958 dei
252 1912 310 1977 plus
331 1910 372 1959 bic
394 1912 570 1961 admirationis
589 1911 689 1960 habeat.
724 1910 813 1959 Media

49 1976 102 2023 saxi
112 1992 190 2042 rupes
210 1978 238 2027 iu
258 1979 369 2027 sormam
381 1976 472 2027 theatri
483 1979 598 2026 recessit.
633 1976 812 2040 Quamobrem

51 2041 227 2093 ethominum
245 2046 351 2104 clamor,
371 2056 397 2093 et
416 2042 553 2110 siquando
573 2042 671 2091 accedit
689 2044 812 2091 tubarum

50 2122 141 2173 sonus,
161 2111 358 2177 personantibus
371 2122 398 2160 et
416 2109 634 2176 respondentibus
648 2109 715 2158 inter
725 2124 753 2158 se
762 2124 812 2158 ru-

50 2174 134 2238 pibus,
153 2179 293 2247 multiplex
311 2176 407 2237 audiri,
428 2179 600 2243 ampliorque,
619 2192 698 2241 quam
717 2176 810 2238 editur,

50 2254 169 2294 renouare
188 2248 261 2295 solet.
291 2244 417 2309 Quaeres
431 2244 559 2292 maiorem
577 2244 716 2305 maiestatis
725 2253 810 2292 terro·

51 2321 106 2359 rem
116 2310 212 2377 ignaris
222 2316 269 2374 rei,
290 2325 315 2363 et
325 2312 495 2363 admiratione
515 2309 679 2377 stupentibus
689 2311 809 2375 plerum-

50 2391 102 2439 que
113 2382 195 2430 affert.
214 2378 245 2430 ln
256 2381 304 2430 hoc
313 2382 386 2447 rupis
396 2378 520 2439 anfractu,
537 2378 624 2427 media
635 2376 717 2427 ferme
726 2391 809 2426 mon-

49 2440 81 2492 tis
92 2446 238 2511 altitudine,
258 2449 377 2514 planities
397 2447 488 2510 exigua
510 2455 556 2509 est,
574 2454 651 2509 atque
669 2446 810 2512 iueapro-
840 2482 848 2491 .

49 2506 163 2574 fundum
182 2526 262 2565 terrae
282 2514 407 2573 foramen,
428 2509 499 2579 quod
518 2514 547 2562 in
557 2512 659 2563 oracula
673 2522 755 2579 patet:
775 2527 810 2561 cx
841 2546 847 2553 -

51 2592 103 2642 quo
123 2580 231 2647 frigidus
250 2584 364 2649 spiritus,
385 2582 410 2632 vi
430 2580 557 2647 quadam,
576 2581 650 2632 velut
668 2590 761 2640 vento,
780 2580 809 2629 in

50 2645 163 2697 sublime
174 2650 303 2719 expulsus,
324 2660 425 2700 mentes
444 2662 534 2699 vatum
553 2650 582 2697 in
593 2644 740 2698 vecordiam
750 2659 822 2712 ver--

23 2742 25 2745 ·
51 2713 95 2779 tit,
120 2714 372 2789 impletasqrre,deo,
396 2707 513 2784 responsa
529 2714 728 2765 consulentibus
746 2710 810 2764 dm
