2075 3000
203 151 259 214 254
402 189 407 202 ,
490 122 686 218 susurru

179 281 190 311 ‚-
271 247 347 301 Csr.
359 249 393 302 V.
413 249 540 299 Revoosto
559 246 658 298 deinde
677 245 793 309 Seleuco
802 247 883 296 novis
892 245 976 296 noti·

202 319 250 370 hus
267 323 295 368 iu
314 315 410 378 Asiam,
432 315 492 366 dato
513 318 668 376 laxamento,
687 329 805 380 regnum
826 313 979 362 Parthicum

203 386 311 448 format,
332 387 445 434 militem
455 385 533 448 legit,
552 385 659 433 castella
668 383 772 442 munit,
799 380 925 430 civitates
935 381 981 429 fir-

202 465 271 517 met,
290 451 500 516 urberuquoque
516 453 622 499 nomine
642 451 749 508 Darem,
774 448 804 496 in
813 459 912 496 monte
934 448 980 496 Za·

201 531 344 588 psortenou
355 517 456 568 condit:
477 520 551 567 cuius
565 518 619 565 'loci
639 536 667 567 ea
678 516 796 566 conditio
808 525 861 576 est,
888 526 923 563 nt
932 531 981 563 ne-

202 603 253 653 que
263 588 388 636 munitius
398 583 544 650 quidquam
558 601 619 643 esse,
638 600 722 649 neque
732 583 875 632 amoenius
887 583 980 647 possit.

201 655 242 706 Ite
253 656 325 704 enim
335 664 360 703 et
370 654 513 720 praeruptis
529 652 639 716 rupibus
658 650 777 715 undique
797 650 934 711 cingitur,
953 659 980 698 ut

202 721 281 772 tutela
291 721 341 770 loci
352 720 431 768 nullis
442 717 622 768 defensoribus
642 729 731 784 egent,
753 729 782 766 et
791 717 846 764 soii
858 718 979 764 circuns-
1014 710 1015 725 ¹

201 789 307 838 iacentis
324 797 391 836 tanta
410 785 515 835 ubertas
535 797 580 846 est,
601 797 630 834 ut
639 783 749 851 propriis
759 782 858 849 opibus
870 785 979 849 explea-
1014 842 1015 849 ἵ

196 864 253 904 tur.
274 855 330 904 ism
340 853 454 902 sontium
463 870 492 903 se.
501 855 627 906 silvarum
636 869 665 912 ea
675 852 749 915 copis
758 862 808 909 est,
819 863 852 899 ut
862 862 893 898 et
903 867 979 914 aqna·

201 937 264 972 rum
281 919 439 970 abuudsntia
451 922 495 969 irri
515 932 581 978 etur,
602 920 813 968 strenationum
835 919 979 983 voluptati·

132 1003 136 1010 ’
201 987 251 1038 hus
262 993 409 1038 exornetur.
439 987 483 1036 Sic
519 1002 609 1045 rsaces,
629 986 744 1050 quaesito
754 985 839 1033 simui
849 986 977 1034 constitn-

174 1079 176 1082 ·
202 1067 379 1121 toquereguo,
398 1071 450 1104 nou
463 1058 551 1104 miuus
570 1051 742 1102 memorabilis
758 1049 876 1113 Parthis,
900 1068 977 1116 quan

201 1122 285 1174 Persis
296 1121 388 1188 Cyrus,
409 1118 594 1172 Macedonibus
605 1117 761 1179 Alexander,
780 1116 917 1168 Romanis
927 1120 977 1168 ro-

201 1191 300 1249 mulus,
319 1201 417 1238 matura
437 1188 582 1245 senectute,
598 1184 712 1236 decedit:
732 1187 807 1234 ossius
829 1188 977 1236 memoriae

201 1256 271 1306 hunc
280 1254 407 1306 honorem
417 1253 504 1304 Parthi
513 1254 670 1311 tribuerunt,
680 1263 710 1301 ut
719 1269 813 1303 omues
824 1253 926 1302 exinde
935 1269 974 1300 re·
1014 1292 1016 1307 ,

202 1340 247 1390 ges
258 1339 318 1372 suos
328 1321 447 1372 Arsacis
458 1322 564 1387 uosniue
574 1330 736 1384 nuncupent.
767 1319 856 1368 Huius
867 1316 939 1368 filius
948 1329 973 1368 et

201 1405 333 1442 successor
350 1389 439 1455 regni,
460 1387 564 1437 Arsaces
586 1387 681 1451 etipse
700 1386 824 1446 nomine,
844 1385 972 1436 adversus
1014 1394 1015 1397 ’

201 1456 361 1523 Antiochum
370 1456 476 1506 Seleuci
485 1456 576 1513 fllium,
593 1463 700 1503 centum
710 1452 829 1503 millibus
838 1451 972 1519 peditum,

202 1536 229 1575 et
238 1526 329 1589 viginti
338 1524 457 1573 millibus
476 1525 595 1587 equitum
612 1522 775 1583 instructum,
793 1523 863 1571 mira
874 1524 972 1571 virtute

202 1592 342 1658 pugnavit:
363 1589 396 1641 ad
404 1602 567 1656 postremum
576 1591 603 1637 in
613 1586 760 1637 societate'm
770 1590 828 1637 eius
838 1601 970 1638 assumtus

201 1669 248 1709 est.
278 1658 383 1707 Tertius
403 1657 502 1707 Parthis
522 1669 570 1705 rex
582 1654 723 1721 Priapatius
737 1654 801 1717 suit,
822 1654 909 1705 sedet
919 1658 971 1721 ipse

201 1722 313 1777 Arsaces
324 1722 415 1781 dictus.
429 1724 513 1785 Nam,
535 1725 602 1772 sicut
612 1738 691 1787 supra
700 1722 800 1772 dictum
810 1732 857 1783 est,
879 1740 970 1773 ornnes

202 1807 276 1858 reges
286 1806 344 1839 suos
354 1789 405 1841 hoc
415 1795 538 1851 nomines
549 1792 624 1839 sicuti
637 1790 747 1842 Romani
760 1790 902 1839 Caesares
911 1791 969 1839 As-

202 1867 361 1975 sum-tque,
372 1859 593 1923 cognominavere.
612 1856 668 1917 Hic,
688 1857 749 1905 sctis
759 1858 787 1905 in
797 1873 885 1921 reguo
896 1859 969 1921 qnin-

223 1930 289 1977 ecim
308 1928 391 1987 aunis,
410 1923 525 1987 decessit,
545 1925 639 1973 relictis
659 1921 760 1973 duobus
771 1923 839 1983 filiis,
860 1921 968 1973 Mithri-

203 1992 263 2043 dnte
283 2005 308 2044 st
327 1992 469 2045 Phrahate:
490 2008 605 2057 quorum
623 1992 704 2040 maior
725 1988 874 2049 Phrshates,
897 2007 967 2039 mors

223 2064 299 2121 entis,
323 2059 399 2111 heres
409 2060 492 2123 regni,
512 2057 626 2117 Mardos,
647 2055 757 2107 validam
768 2068 885 2121 gentem,
901 2056 967 2107 hello

204 2077 320 2191 domuit,
341 2144 390 2177 neo
408 2127 492 2176 multo
512 2126 704 2191 post‘decessit,
724 2124 845 2189 pluribus
856 2123 968 2173 filiius*

203 2192 287 2245 lictis:
309 2193 403 2259 quibus
413 2192 661 2259 praeteritisrfratri
681 2191 847 2259 potissimum
865 2187 967 2239 Mithri-

204 2256 265 2321 dati,
285 2260 393 2325 insignis
412 2260 512 2312 virtutis
532 2262 595 2317 viro,
615 2259 721 2323 reliquit
736 2257 892 2322 imperium
911 2260 966 2323 pins
1013 2305 1014 2310 ,

203 2326 286 2387 regio,
307 2342 387 2389 quam
405 2328 495 2391 patrio,
512 2324 604 2373 'deberi
614 2326 714 2375 nomini
732 2336 809 2386 ratus,
829 2325 964 2390 potiusque

204 2390 310 2451 patriae,
331 2392 505 2455 quemliheris
522 2390 723 2442 consulendum.
815 2440 821 2451 ,

274 2451 348 2502 Csr.
359 2456 407 2505 VI.
426 2454 528 2505 Eodem
538 2457 620 2505 ferme
631 2470 762 2523 tempore,
781 2455 859 2507 sicuti
868 2458 896 2507 iu
906 2456 958 2509 Psr·

205 2513 256 2563 this
276 2516 449 2581 Mithridates,
470 2524 505 2569 ita
523 2523 552 2570 in
571 2522 668 2574 Bactris
690 2522 858 2585 Euorstides,
878 2531 957 2594 magni

204 2587 320 2689 ἳῦᾞῑθ
330 2583 389 2642 Viri,
407 2600 487 2647 regns
497 2588 598 2637 ineunt.
627 2587 683 2639 sed
700 2589 856 2667 Parthorum
866 2591 956 2640 sereniss

290 2656 304 2689 ¹'
322 2644 357 2699 td
375 2662 511 2703 tumuitus
530 2651 581 2702 huc
591 2652 658 2705 duce
667 2656 772 2722 irnpeui
781 2656 955 2725 fastigium'tts
