2075 3000
682 48 689 69 ,
770 52 771 57 ,

186 182 498 239 nls‘rbttttttvu
525 187 603 241 ΗΒ.
623 186 708 243 XXl.-
773 202 828 259 165

58 280 228 351 Rhodanus,
246 287 481 355 adspeculundos
499 288 657 345 Alexandri
667 294 708 342 M.
722 300 829 347 culmos
867 305 871 311 '
956 348 960 357 ,

55 375 83 407 α
95 356 377 427 Carthaginiensibus
391 356 501 421 messus,
522 367 550 407 et
562 358 761 430 Carthaginem
780 380 828 415 re·
891 359 897 394 Γ

56 420 165 477 bessus
185 424 366 493 interficitur.
403 473 405 478 .

364 518 475 570 Ceres
505 517 528 569 L

57 588 213 682 Exstincto
223 623 251 670 in
265 622 350 671 Sicilia
361 623 485 689 Dionysio
496 632 620 689 tyranno,
640 621 765 673 inlocum
775 608 829 673 eius

57 688 161 739 milites
170 691 315 737 maximum
325 702 388 739 natu
400 708 430 738 ex
446 691 504 738 liliis
528 692 591 751 eius,
612 693 718 739 nomine
728 690 830 759 Diony·
843 740 845 744 .

58 758 298 815 siumfiullecere:
318 768 466 806 et-usturae
479 759 519 806 ius
539 758 628 815 secuti,
649 770 674 806 et
694 757 767 823 quod
785 762 828 809 fir·
889 813 892 821 ,

57 826 132 875 mins
143 821 262 873 futurum
277 840 332 872 esse
351 840 472 888 regnum,
492 826 513 873 si
535 842 709 892 peuesunum
719 841 829 877 reman-

50 893 144 960 sisset,
166 894 278 955 quamsi
288 892 449 957 portionibus
469 892 535 943 iuter
555 894 641 957 plures
652 892 716 942 lilios
727 892 827 957 divide·

58 971 142 1019 retur,
164 958 359 1025 arbitrabantur.
391 955 445 1007 Sed
464 958 603 1026 Dionysius
623 961 690 1009 inter
700 962 772 1009 initia
782 978 828 1010 re·
900 974 906 983 ¹

58 1026 119 1091 gni,
140 1029 282 1088 apuucrrlos
293 1027 402 1075 fratrum
412 1044 528 1087 suorum,
547 1028 626 1076 veluti
639 1030 762 1087 aemulos,
773 1030 828 1078 inr-

57 1094 209 1160 periisui,
234 1093 427 1159 hortatoresque
452 1110 593 1159 puerorum
611 1094 643 1143 ad
670 1094 828 1147 divisionem

58 1162 147 1225 regni,
170 1160 262 1209 tollere
273 1160 404 1225 gestiebat.
431 1162 521 1225 ¹Quare
530 1162 661 1227 paulisper
677 1162 827 1211 dissimula·

59 1240 121 1278 tum
131 1228 251 1278 animum
261 1231 332 1294 prius
342 1228 376 1277 ad
386 1229 501 1277 savorem
510 1230 678 1293 popularium
691 1230 829 1279 conciliatr-
1026 1224 1027 1231 ἵ

58 1294 127 1347 dum
139 1296 266 1355 intendit3
288 1298 429 1344 excusatius
449 1297 562 1345 facturus
574 1295 644 1359 quod
655 1306 785 1356 statuerat,
805 1299 829 1349 si

57 1362 188 1429 probatus
207 1373 265 1411 aute
285 1363 406 1424 omuibus
425 1363 501 1420 soret.
529 1362 614 1427 lgitur
633 1378 760 1410 nexorum
779 1364 829 1435 trip
876 1421 878 1429 Υ

57 1432 146 1480 millia
158 1448 171 1479 e
183 1446 281 1479 carcere
292 1429 409 1488 dimittit,
421 1432 512 1478 tributa
524 1430 621 1494 populo
630 1446 676 1493 per
686 1430 836 1487 triennium,

29 1506 44 1515 ‘
57 1499 190 1559 remissit,
210 1510 236 1546 et
254 1499 452 1563 quibuscunque
464 1494 638 1546 delinimentis
655 1507 746 1562 potest,
767 1499 828 1547 ani-

56 1583 119 1617 mos
130 1565 252 1629 omnium
269 1567 396 1615 sollicitat.
427 1567 501 1614 Tunc
511 1563 543 1612 ad
561 1563 718 1614 destinatum
727 1565 828 1625 lacinus

57 1650 220 1694 conversus,
241 1651 293 1683 non
306 1645 428 1699 cognatos
439 1643 540 1681 tantum
551 1634 672 1691 fratrum,
692 1630 828 1684 sedetiam

57 1702 132 1768 ipsos
142 1701 274 1754 interficit:
296 1711 338 1762 ut,
357 1700 451 1766 quibus
461 1700 700 1766 consortiumsegni
710 1697 827 1762 debebat,

58 1787 96 1822 ne
107 1769 214 1836 spiritus
225 1769 332 1832 quidem
343 1770 501 1816 consortium
519 1767 685 1834 relinqueret,
706 1771 826 1835 tyranni*
850 1775 856 1785 “

59 1837 125 1888 dem
136 1837 162 1885 in
174 1852 233 1884 suos
244 1837 329 1900 prius,
349 1849 426 1900 quam
437 1837 463 1882 iu
476 1847 586 1898 estteros,
606 1839 757 1900 auspicatus.

134 1901 210 1952 Ctr.
224 1903 259 1951 ll.
280 1902 392 1952 Sublatis
409 1901 502 1952 deinde
513 1905 632 1960 aemulis,
652 1905 679 1952 ln
690 1903 827 1966 segnitiem
849 1931 853 1937 ·

58 1972 159 2038 lapsus,
174 1971 291 2035 saginam
301 1972 413 2036 corporis
423 1987 453 2019 ex
463 1971 542 2019 nimia
553 1971 663 2029 luxuria,
679 1970 829 2018 oculorum-

60 2057 115 2104 que
128 2037 303 2088 valetudinem
313 2038 444 2098 contraxit,
465 2036 528 2086 adeo
549 2048 641 2085 utnon
660 2036 753 2093 solem,
773 2053 827 2092 non
899 2051 902 2056 ’

60 2109 210 2173 pulverem,
228 2122 281 2153 nou
292 2104 404 2170 denique
414 2102 581 2169 splendorem
596 2103 662 2151 serre
672 2102 737 2150 lucis
747 2105 827 2168 ipsius

61 2185 161 2240 posset.
180 2171 289 2238 Propter
309 2189 374 2237 quae
393 2169 459 2219 dum
479 2170 611 2219 contemni
623 2173 749 2234 reputat,
767 2186 827 2218 sae-

63 2242 126 2291 vitia
137 2253 279 2305 grassatur·;
299 2256 347 2288 nec
355 2251 386 2287 ut
395 2251 465 2304 pater
476 2251 605 2286 carcerem
615 2237 696 2294 nexis,
712 2233 757 2283 sed
767 2237 826 2285 cu(-

63 2307 305 2368 dib‘uscivitatem,
331 2307 422 2373 replet.
453 2304 495 2354 Ob
515 2317 580 2368 quae
601 2315 655 2350 nou
673 2303 825 2352 contemtior

64 2373 196 2434 omnibus,
219 2393 299 2440 quam
313 2375 426 2431 invisior,
447 2372 506 2420 suit.
538 2371 626 2436 ltaque
647 2385 706 2419 cum
726 2369 827 2421 bellum
904 2376 910 2380 '

65 2441 187 2492 adsersus
198 2461 259 2492 eum
270 2440 422 2509 Syracusani
437 2435 617 2496 decrevissent,
637 2435 683 2487 diu
693 2435 839 2504 dubitavit„

65 2512 208 2576 imperium
219 2509 368 2576 deponeret,
389 2526 421 2556 sn
431 2508 501 2559 bello
512 2507 652 2555 resisteret.
682 2505 826 2566 sedani·
890 2521 895 2526 ·

66 2577 162 2640 litibus,
182 2579 306 2644 praedem
324 2588 349 2626 et
363 2575 444 2632 ’urbis
463 2573 635 2640 direptionem
652 2573 825 2640 sperantibus,

67 2643 225 2712 descendere
245 2648 271 2694 in
282 2645 412 2711 proelium
431 2645 541 2708 cogitur.
577 2639 682 2701 Victus,
702 2643 825 2691 eremite·
847 2659 850 2664 ·

68 2725 122 2766 rato
135 2731 186 2764 non
205 2711 302 2781 felicius
320 2711 451 2776 fortunam
471 2721 598 2770 tentasset,
618 2709 716 2775 legatos
732 2705 825 2758 adSv·
