2075 3000
210 167 506 223 HISTORIARVM
538 171 616 224 tm.
635 172 686 231 111·
792 175 829 236 41

85 270 125 322 his
136 273 266 334 consulto,
286 258 409 322 iubentur
420 271 514 324 ducem
528 274 593 324 belli
612 273 646 324 eh
662 272 831 330 Atheniensi·

65 289 115 388 lus
138 350 234 404 petere.
282 335 360 386 Porro
385 338 569 399 Athenienses,
599 356 662 391 curn
677 359 830 409 responsum

66 407 254 470 cognorissent,
275 407 304 454 in
314 417 476 458 contemtum
488 409 675 474 Spartanorum
686 411 828 476 Tyrtaeum

83 479 183 531 oetam,
207 471 329 522 claudum
342 473 420 538 pede,
440 477 548 537 misere,
568 477 613 540 qui
628 475 710 526 tribus
723 478 829 543 proeliis

63 490 152 598 linus,
172 557 201 587 eo
213 556 295 604 usque
312 538 494 606 desperationis
505 541 644 608 Spartanos
654 543 775 603 adduxit,
790 552 828 603 ut,

64 605 97 654 nd
112 609 325 672 supplementum
347 610 482 670 exercitus,
505 627 593 674 servos
610 627 669 659 suos
689 610 829 660 manumit·
868 610 872 614 ’

65 684 155 772 ww
177 673 266 738 hisque
283 674 475 724 interfectorum
497 678 661 728 matrimonia
671 679 829 744 polliceren-

64 753 120 798 tur,
142 755 232 790 utnon
245 757 353 800 nurnero
367 755 467 791 tantum
485 746 638 794 amissorum
657 745 764 805 civium,
784 739 830 794 sed

64 821 90 856 et
101 803 229 874 dignitati,
250 807 423 858 succederent.
460 808 510 858 Sed
521 828 592 876 reges
611 809 830 862 Lacedaemonio-

49 882 131 931 rum,
153 893 196 932 ne,
222 878 311 924 'contra
332 875 465 925 fortunam
483 877 640 943 pugnando,
660 881 757 928 maiora
777 877 829 927 de·

63 943 185 994 trimenta
198 944 294 990 civitati
316 943 471 1008 infligerent,
491 945 614 995 reducere
625 949 768 996 exercitum
778 962 828 996 vo·
882 943 892 964 ²

63 1009 183 1068 luerunt3
211 1013 237 1058 ni
259 1011 438 1058 intervenisset
457 1011 594 1079 Tyrtaeus3
616 1015 660 1077 qu'i
684 1013 827 1078 composite

63 1079 178 1124 carmina
199 1078 321 1125 exercitui
332 1093 379 1140 pro
401 1079 524 1126 concione
534 1080 662 1141 recitavit;
685 1081 711 1128 in
732 1079 827 1144 quibus

32 1157 42 1166 ⁵
62 1141 227 1190 hortamenta
250 1144 359 1200 virtutis,
382 1143 539 1192 damnorum
549 1147 645 1204 solatia,
665 1144 827 1196 belliconsi-

62 1210 104 1269 lia,
126 1211 333 1274 conscripserat„
356 1209 445 1274 ltaque
457 1223 557 1259 tentum
568 1210 687 1264 ardorem
699 1212 827 1262 militibus

63 1279 162 1336 iniecit,
183 1287 274 1325 utnon
296 1276 327 1326 cle
346 1279 440 1339 salute,
457 1278 505 1326 sed
517 1275 550 1326 de
565 1281 697 1344 sepultura
717 1279 827 1338 solliciti,
860 1288 868 1292 ’

62 1355 180 1402 tesseras,
201 1346 334 1409 insculptis
345 1346 396 1392 suis
408 1357 433 1394 ct
441 1355 545 1410 patrum
558 1345 716 1404 nominibus,
738 1344 827 1393 dextro

61 1411 169 1474 brachio
180 1409 335 1475 deligerent:
356 1421 395 1470 ut,
404 1411 425 1458 si
438 1427 529 1460 omnes
548 1409 685 1459 adversum
698 1411 828 1476 proelium

62 1480 255 1537 consumsisset,
277 1489 301 1527 et
318 1479 440 1543 temporis
459 1478 541 1543 spatio
561 1477 668 1527 confusa
688 1492 828 1544 corporum
872 1481 882 1486 “

62 1546 219 1613 lineamenta
230 1558 321 1602 essent,
342 1562 372 1593 ex
393 1544 490 1609 indicis
509 1544 647 1593 titulorum
664 1543 730 1596 tradi
740 1545 828 1611 sepul·

60 1624 132 1661 turae
143 1626 256 1679 possent.
294 1612 362 1661 Cum
381 1614 418 1663 sic
429 1615 570 1661 animatum
589 1627 664 1676 reges
686 1616 827 1663 exercitum

62 1678 196 1741 viderent,
218 1691 308 1729 curant
327 1696 383 1729 rem
403 1678 518 1729 hostibus
538 1679 660 1730 nuntiari.
690 1678 826 1731 Messeniis

61 1760 150 1796 autern
162 1764 213 1795 non
234 1750 354 1797 timorem
364 1762 413 1807 rcs,
434 1745 479 1797 sed
498 1746 696 1797 aemulationem
707 1758 826 1797 mutuam

61 1812 144 1865 dedit.
174 1813 260 1879 ltaque
280 1816 354 1864 tantis
375 1815 466 1863 animis
486 1830 642 1865 concursum
652 1826 699 1877 est,
720 1826 751 1863 ut
768 1831 825 1865 mro
892 1844 896 1850 .

60 1898 179 1945 unquam
191 1883 322 1930 cruentius
342 1882 470 1947 proelium
490 1880 575 1932 suerit.
609 1880 654 1931 Ad
663 1892 825 1948 postremum

60 1960 147 1999 tamen
168 1944 274 1999 rictori'a
290 1946 555 1999 Lacedaemoniorum
566 1948 623 1999 fuit.
645 1976 652 1986 ·
758 1994 764 1999 .

113 2014 188 2065 Ger.
199 2012 250 2065 VL‘
266 2014 401 2063 Interiectu
413 2026 526 2081 tempore
538 2016 642 2065 tertium
652 2031 755 2079 quoque
769 2012 824 2063 hel·
836 2038 840 2041 >

61 2084 119 2135 lum
132 2082 254 2131 Messenii
265 2083 468 2147 reparaveretn
478 2086 553 2134 euius
563 2082 687 2131 auxilium
698 2074 825 2129 Lacedae?-

62 2150 144 2197 monii
160 2150 229 2199 inter
249 2150 362 2215 reliquos
380 2150 461 2197 socios
476 2150 552 2203 etium
564 2147 733 2199 Athenienses
744 2145 822 2196 edhi-
877 2161 879 2166 ·

62 2214 150 2278 huere,
173 2232 285 2281 quorum
299 2214 377 2265 fidem
398 2231 456 2263 cum
476 2226 620 2281 suspectam
630 2208 761 2271 haherent,
780 2229 841 2263 su··

64 2300 233 2347 per-recaneos
243 2284 408 2344 simulantes,
428 2301 442 2331 a
455 2282 524 2332 bello
541 2281 646 2331 eosdem
659 2277 823 2331 dimiserunt.

64 2348 135 2399 Hanc
146 2367 204 2399 rem
218 2347 388 2411 Athenienses
408 2350 518 2415 graviter
539 2348 657 2409 ferentes,
676 2348 822 2412 pecuniam,
858 2360 860 2371 '

65 2424 126 2479 qrrae
149 2427 204 2467 erut
224 2418 251 2465 in
272 2415 429 2483 stipendium
450 2411 547 2463 Persici
565 2414 628 2479 belli
648 2412 680 2463 ab
704 2416 823 2464 universa

65 2482 174 2537 Graecia
183 2482 284 2541 collata,
305 2503 319 2533 a
329 2483 396 2531 Delo
407 2480 523 2531 Athenas
533 2482 698 2541 transferunt,
717 2499 758 2543 ne,
774 2478 822 2530 ‹le-

62 2550 210 2602 ficientihus
230 2568 245 2600 a
263 2546 314 2607 fide
336 2548 463 2599 societatis
473 2546 691 2608 Lacedaemoniis,
711 2545 821 2613 praedae

61 2632 92 2669 sc
109 2620 213 2689 rapinae
234 2628 308 2669 esset.
344 2614 398 2676 Sed
418 2631 467 2667 nec
484 2612 679 2668 Lacedaemonii
690 2615 822 2681 quievere:
