2075 3000
99 221 102 226 Α
178 166 671 230 fllsroutsavmtte-xnn.
737 181 800 240 *2⁶5

14 273 177 350 perduxit·
188 273 314 326 Bactriani
325 288 414 329 autem
424 291 471 344 per
482 279 552 331 varia
559 274 632 326 bella
640 276 732 337 iactati,
739 289 800 328 nen

14 357 148 412 reguum
159 353 260 392 tantum
266 378 273 402 ,
294 361 387 394 verum
398 345 475 394 etiam
484 343 630 394 libertatem·
644 343 799 394 amiserunt:

14 409 167 478 siquidem
178 409 370 474 Sogdianorum
381 421 406 460 et
415 409 612 471 Arachotorum,
633 423 659 460 et
668 411 799 474 Drangia-
865 453 868 456 ,

14 496 132 534 norum
143 477 321 541 Indorumque
333 477 407 528 bellis
419 479 517 544 fatigati
526 477 585 538 ,nd
596 489 758 544 postremum
768 478 799 527 ab

14 546 230 598 invalidioribus
241 542 349 604 Parthis,
359 547 430 595 velut
440 563 591 610 exsangues,
603 546 719 610 oppressi
729 557 798 595 sunt.

14 615 120 666 Multa
131 623 219 662 tamen
239 610 389 661 Euoratides
408 612 476 662 bella
496 631 592 678 magna
603 615 696 662 virtute
708 613 798 678 gessit:

17 681 132 748 quibus
143 681 251 740 attritus,
271 695 330 728 cum
343 677 504 729 obsidionem
515 680 655 743 Demetrii,
676 681 744 745 regis
756 679 800 728 In·

15 751 139 809 dorum,
163 757 302 812 pateream,
322 762 437 796 cumccc
461 747 590 797 militibus
601 764 634 796 nx
653 749 735 796 millia
748 746 799 796 ho·

14 819 114 868 stium
126 813 232 864 assiduis
241 814 419 878 eruptionibus
430 815 499 868 vicit.
517 815 616 879 Quinto
626 816 711 878 itaque
722 831 799 863 men-

16 903 52 934 se
73 882 219 940 liberatus,
240 879 344 930 indiam
363 881 391 928 in
411 890 564 946 potestatem
578 879 688 946 redegit.
720 877 798 930 Vnde

18 968 97 1001 cum
107 965 136 998 se
145 948 279 1014 reciperet,
299 967 312 997 a
324 947 386 1007 filio,
408 965 485 1012 quem
497 951 597 997 socium
606 935 680 1013 regni
690 947 794 1009 fecerat,
865 947 868 953 “

16 1022 52 1068 in
68 1019 165 1067 itinere
177 1015 343 1064 interficitur:
360 1016 405 1080 qui
416 1033 470 1063 non
481 1015 641 1064 dissimulato
651 1015 798 1081 parricidio,

19 1087 106 1138 velut
120 1083 228 1144 hostem,
250 1100 304 1131 non
322 1093 430 1148 patrem,
443 1083 629 1142 ¹interfecisset,
649 1094 796 1147 etpersan·
853 1082 856 1088 '
917 1091 920 1100 “

18 1155 143 1218 guinem
154 1151 207 1200 eius
218 1166 324 1200 currum
337 1150 396 1214 egit,
417 1161 442 1204 et
451 1165 541 1214 corpus
552 1150 626 1198 abiici
637 1150 796 1214 insepultum

17 1222 118 1270 iussit.
148 1217 221 1266 Dum
231 1217 293 1265 haec
304 1213 372 1282 apud
383 1217 484 1266 Bactros
496 1227 631 1280 geruntur,
644 1212 747 1266 interim
759 1216 796 1264 in-

19 1298 67 1336 ter
92 1285 199 1335 Parthos
220 1295 245 1332 et
263 1281 354 1334 Medos
374 1283 476 1333 bellum
495 1286 585 1333 oritur.
623 1281 692 1333 Cum
711 1285 798 1340 varius

19 1356 166 1416 utriusque
176 1353 266 1418 popuii
286 1367 356 1402 casus
368 1351 463 1409 suisset,
484 1346 699 1422 adflpostremum‘
712 1352 797 1399 vieto-

17 1424 64 1472 tia
77 1437 158 1488 penes
171 1418 277 1468 Parthos
293 1418 353 1468 suit.
387 1417 433 1468 His
444 1417 540 1480 virilius
556 1429 645 1465 auctus
656 1415 798 1465 Mithrida-

21 1503 77 1552 tes,
100 1485 203 1537 Mediae
223 1486 326 1535 Bacasin
346 1478 493 1553 praeponit:
513 1486 568 1551 ipse
588 1485 615 1533 in
637 1482 796 1549 Hyrcaniam

19 1556 210 1625 proficiscitur.
240 1552 318 1607 Vnde
328 1570 444 1605 reversus
464 1552 565 1601 bellum
585 1557 646 1600 cum
656 1553 799 1619 Elymaeo-

20 1642 93 1675 rum
102 1618 163 1688 rege
175 1622 264 1688 gessit:
283 1638 334 1687 quo
345 1621 420 1683 victo,
444 1620 510 1669 hanc
522 1636 624 1683 quoque
639 1632 747 1683 gentem
756 1638 798 1669 re·v

22 1710 83 1758 guo
94 1690 194 1751 adiecit,
216 1690 407 1755 imperiumque
427 1684 705 1752 Parthourmstmonte
729 1687 797 1737 Cau·
836 1699 841 1707 “

22 1776 96 1819 caso,
117 1756 208 1806 multis
217 1758 318 1823 populis
333 1755 499 1805 inditionem
518 1752 633 1816 redactis,
655 1771 736 1820 usque
748 1757 796 1804 fld-

21 1843 91 1875 men
104 1824 272 1891 ¹Euphratem
293 1824 414 1889 protulit3
435 1833 509 1887 atque
529 1822 563 1871 ita
574 1820 680 1872 adversa
690 1824 795 1871 valetu-

24 1892 94 1942 dine
116 1902 256 1957 correptus,
277 1908 329 1941 non
347 1892 434 1941 minor
447 1888 542 1941 Arsace
562 1906 666 1955 proavo,
685 1888 795 1956 gloriosa

22 1969 162 2011 senectute
173 1957 290 2009 decessit.

24 2113 794 2149 wwwwwwwwwwwww

14 2240 152 2325 ‚nrm
193 2208 538 2315 ovmssessmvs
569 2220 794 2299 srovuovs:

310 2345 518 2365 ...ιιι-1*

133 2426 442 2490 ‘BREVIARIVM
462 2425 674 2481 OAPITVM.

31 2552 54 2596 Ι.
77 2544 262 2604 Mithridatis,
271 2542 443 2593 Parthorum
453 2542 539 2602 reeis,
553 2515 635 2607 lfilius
645 2544 673 2592 et
682 2533 791 2605 succes·

31 2630 87 2675 sor,
105 2613 273 2674 Phratates,
295 2628 314 2663 a
332 2610 467 2663 militibus
478 2608 655 2667 interficitur.
684 2626 710 2659 a·
724 2610 795 2664 Post
870 2639 876 2646 -

32 2681 206 2742 Artabanum
236 2680 444 2759 Mitltrt'cicttee‘,u
470 2682 633 2755 cognomine
666 2679 793 2751 Magnus
