2075 3000
136 169 709 238 ntsuoultuvu‘L1B.tixxv1fl.
750 182 815 259 249¹

34 297 109 354 puae
120 279 337 332 denuntiaretur
346 282 375 330 in
399 297 449 332 ens
468 280 584 332 militiae
598 279 677 332 labor
686 281 805 348 asperi·

33 348 136 402 mlum.
168 349 248 398 Inter
267 366 339 418 quas
359 299 534 415 dlffioultates
554 366 589 399 ne
611 366 676 416 spes
696 348 807 418 quidem

32 415 163 485 praemii
162 415 245 484 foret
255 434 289 468 ex
298 416 377 466 hoste
387 433 470 487 vago,
481 434 532 466 uec
542 425 652 470 tantum
656 416 805 482 pecuniae,

32 483 189 535 sedetiam
208 483 293 542 sedis,
315 483 404 550 inope.
432 485 514 534 Naue
535 501 565 533 se
586 483 726 534 diversam
741 481 807 533 belli

31 551 226 602 conditionem
237 550 357 618 ingrediz
379 551 449 600 Nam
459 568 550 619 neque
561 551 635 602 coelo
644 551 731 600 Asiae
742 567 804 600 esse
823 592 826 601 .
865 546 875 558 ‘

31 621 225 734 temperatius
236 617 322 676 aliud,
343 635 394 677 nea
405 617 614 686 solosertiliut,
633 635 685 667 nee
694 616 804 667 urbium

31 703 81 736 mu
94 685 218 735 titudine
224 685 386 744 amoenius,·
399 703 444 736 ma
467 702 585 754 namque
596 685 729 752 temporis
732 701 804 751 par·
844 715 848 723 ·

32 764 102 812 tem,
123 769 179 802 uon
197 762 230 802 ut
247 752 382 812 militiam,
404 769 434 810 se
462 761 492 802 ut
495 751 608 830 festum
621 753 700 812 diem,
720 761 803 801 actu·

32 837 93 877 ros,
115 818 185 869 bello
195 819 306 870 dubium
319 818 408 887 facili
426 837 517 887 magis
527 838 568 869 an
578 820 669 870 uberi:
690 818 804 873 simodo

33 895 90 938 aut
95 886 244 953 proximas
254 886 339 955 regni
346 885 466 936 Attalici
474 901 549 953 opes,
570 892 621 936 aut
630 896 740 937 veteres
750 889 806 951 Ly·

35 954 103 1003 diae
125 953 276 1022 Ioniaeque
296 953 456 1012 audierint,
478 971 550 1022 quas
573 972 629 1006 non
653 970 805 1023 expugna·
851 981 856 986 ·

35 1031 99 1070 tum
117 1029 193 1078 eant,
215 1020 266 1070 sed
278 1036 454 1086 possessum:
485 1029 648 1091 tantumque
668 1039 699 1072 se
718 1021 804 1072 avida

36 1095 186 1153 exspectet
194 1087 275 1154 Asia,
286 1096 318 1137 ut
327 1088 411 1137 etiarn
421 1086 535 1137 vocibus
545 1098 640 1149 vocet:
661 1089 731 1138 adeo
741 1080 810 1138 illio-

36 1156 133 1205 odium
144 1157 329 1204 Romanorum
345 1154 464 1204 incussit
482 1157 630 1222 rapacitas
643 1171 802 1221 proconsu—
868 1193 873 1197 .

37 1222 104 1281 lum,
126 1223 210 1271 sectio
214 1220 433 1288 publicanorum,
454 1221 610 1282 calumniae
621 1222 719 1273 litium.
750 1224 802 1271 Se-

38 1298 165 1360 quantur
187 1306 217 1338 se
236 1289 314 1340 modo
328 1286 464 1357 sortitam·
485 1297 514 1339 et
524 1289 670 1359 colligant,
693 1288 762 1358 quid
771 1306 803 1338 se

39 1359 111 1408 duce
117 1359 212 1423 possit
226 1356 331 1422 efficere
351 1365 450 1414 tantus
472 1357 622 1417 exercitus,
643 1374 724 1424 quem
742 1357 803 1406 sine

37 1425 203 1490 cuiusquam
217 1423 333 1472 militum
353 1423 468 1482 auxilio,
487 1433 597 1473 suamet
607 1425 690 1474 unius
710 1439 802 1491 opera·

37 1491 166 1543 uiderint
176 1488 387 1557 Cappadociam,
409 1508 491 1541 caeso
511 1508 589 1560 rege,
611 1491 734 1559 cepisse5
754 1487 804 1560 qui

39 1558 119 1611 eolus
129 1558 284 1609 mortalium
292 1560 411 1608 Pontum
429 1575 535 1609 omnem
543 1559 739 1628 Scythiamque
751 1575 803 1624 pa·
822 1591 827 1599 -

38 1626 157 1685 canerit,
178 1642 262 1695 quam
271 1642 347 1681 nemo
359 1637 424 1675 ante
436 1628 560 1693 transire
573 1636 634 1677 tuto
645 1637 729 1696 atque
740 1626 804 1677 adi-

38 1712 70 1745 re
77 1694 211 1761 potuerit.
230 1695 302 1743 Nam
312 1693 437 1743 iustitiae
448 1702 534 1762 atque
544 1692 726 1745 liberalitatis
735 1709 804 1743 suae

37 1764 185 1827 necipsos
206 1760 317 1816 milites,
337 1760 385 1828 qui
404 1760 601 1827 experiantur,
619 1770 708 1812 testes
728 1760 803 1829 resu-

37 1842 127 1897 geter
146 1836 174 1877 et
193 1828 243 1878 illa
261 1827 366 1877 indicia
383 1826 495 1888 habere,
516 1829 591 1897 quod
607 1829 684 1879 solus
703 1834 838 1897 regum·

40 1894 159 1945 omnium
169 1912 223 1943 non
228 1892 462 1969 paternnpolum,
482 1913 577 1947 oerum
588 1897 674 1947 etiam
684 1905 803 1953 externa

40 1977 150 2030 regna,
169 1960 373 2012 hereditatibus
387 1972 505 2030 propter
524 1962 802 2026 munificentiarum

41 2028 160 2101 quisita,
174 2028 335 2097 possideat,
357 2029 482 2091 Colchos,
497 2029 730 2098 Paphlagoniam,
749 2030 802 2078 Bo·

41 2115 57 2147 3
78 2110 160 2146 omme
367 2129 369 2136 ·
835 2120 840 2126 “

54 2113 76 2164 P
110 2162 268 2215 Cumvlss.
288 2163 331 2215 sie
352 2165 468 2215 excitatio
490 2162 627 2224 militibus,
647 2173 801 2229 postsunou

42 2242 95 2279 tres
106 2240 129 2277 et
140 2232 230 2296 viginti
239 2233 316 2281 sumti
335 2232 417 2298 regni,
437 2234 463 2279 in
482 2233 597 2284 Romana
616 2228 801 2280 helladescen-

42 2296 90 2345 dit.
111 2298 145 2345 At
155 2298 181 2346 in
191 2298 320 2365 Aegypto,
341 2310 443 2347 mortno
454 2314 513 2364 rege
526 2296 681 2358 Ptolemaeo,
701 2298 735 2357 ei,
754 2298 799 2361 qui

42 2361 288 2431 Cyrenisregnabut,
308 2366 455 2415 Ptolemaeo
475 2382 522 2430 per
540 2366 761 2431 legswsreguum
776 2374 801 2412 et

42 2446 109 2478 uxor
119 2430 179 2480 Cleo
198 2444 250 2481 unu
271 2432 368 2497 regina,
388 2449 459 2483 soror
475 2435 562 2499 ipsius,
581 2430 703 2482 defertur.
731 2432 799 2481 Lae-

41 2508 84 2547 tus
93 2497 168 2563 igitur
177 2451 227 2547 loo
236 2499 291 2547 eolo
311 2499 482 2558 Ptolemaeus,
503 2499 574 2564 quod
593 2502 649 2549 eine
660 2500 798 2549 certamin!

42 2564 183 2616 fraternum
201 2582 314 2629 regnum
333 2567 479 2631 recepisset,
499 2568 527 2617 in
537 2566 751 2631 quodsubornati
773 2576 798 2613 et

45 2642 145 2682 amatre
156 2630 298 2698 Cleopatra,
310 2644 335 2681 et
344 2633 432 2682 favore
443 2635 598 2700 principum,
619 2634 704 2684 timis
714 2634 797 2683 filium

44 2710 206 2776 regnorum,
228 2711 345 2753 osterum
362 2700 470 2753 intentas
483 2700 625 2765 ‚omnium
644 2704 731 2755 naum
751 2698 797 2754 ult
870 2713 875 2719 ’
