2075 3000
191 76 488 203 msrortrsrv'u
507 123 584 192 ara
603 124 689 181 xxa.
744 168 747 171 .
775 124 830 195 'rt-3

133 223 211 278 Gar.
229 225 264 277 V.
295 224 413 293 Septimo
424 228 506 293 igitur
515 226 616 294 imperii
627 246 707 289 =anno,
729 232 830 281 'eomiti-

24 294 111 345 bus
124 292 230 343 duobus
241 294 337 344 adultis
358 296 430 354 filiis,
460 293 622 361 Archagatho
643 310 669 386 εὖ
687 298 830 357 Heraclida,
901 306 908 315 ‘

28 362 142 411 nullo
166 362 286 412 militnm
305 364 400 412 sciente
427 380 479 427 quo
499 362 653 422 vehereturr
681 377 785 412 cursum
804 366 831 414 in

38 422 184 481 Africani
194 428 290 495 dirigit·
335 428 404 478 Cam
417 445 508 479 omnes
519 440 562 479 sut
571 429 599 478 in
617 432 716 480 Italiam
727 429 832 496 praeda-

43 510 178 555 tumre,
200 509 244 545 aut
254 499 280 545 in
292 495 439 546 Sardiniam
449 499 530 545 ituros
542 496 690 561 crederent,
712 509 769 545 tum
779 500 832 563 pri·
897 494 902 499 “

50 582 158 625 mum,
180 565 293 631 exposito
301 566 332 614 in
346 566 446 615 Africae
457 566 531 613 litore
547 567 671 625 exercitu,
693 565 829 615 consilium

55 649 147 683 suum
157 632 281 681 omnibus
292 634 381 697 aperit.
416 633 513 696 Quoia
525 632 582 681 loco
603 630 741 697 Syracusae
761 634 831 690 posi·
878 656 882 661 ·

55 712 103 751 tae
123 698 192 757 sint,
215 698 340 749 ostendit:
372 698 472 770 quibus
484 698 570 770 ⁸uliud
578 698 679 749 nullum
699 698 831 750 auxilium

56 776 229 835 superesset,
249 784 330 835 quam
340 776 370 816 ut
380 766 503 818 hostibus
503 764 627 833 saciant,
639 783 706 835 quae
717 766 770 833 ipsi
774 782 831 833 pa·

56 838 185 887 riantur.
228 836 331 902 Qur'ppe
349 834 434 893 aliter
455 834 535 895 dumi,
556 836 640 885 aliter
645 833 742 903 soris,
761 833 832 885 bella

55 901 195 953 tractari.
230 903 314 952 Domi
322 918 355 953 ea
366 903 427 953 sola
436 902 542 952 auxilia
553 918 618 962 esse,
639 902 833 971 quuupatriae
914 900 915 903 ’

54 970 135 1021 uires
145 967 364 1020 subministrent:
377 970 452 1035 foris
462 968 565 1020 bostem
580 970 662 1029 etiam
682 974 741 1021 sais
762 972 831 1021 uiri·

28 1055 42 1060 ’
54 1036 111 1088 bus
127 1036 210 1096 uinci,
231 1037 418 1103 deficientibus
428 1039 517 1095 sociis,
530 1046 556 1087 et
572 1038 633 1087 adio
645 1038 768 1089 diuturni
779 1040 831 1088 im-

54 1105 135 1157 nerii
146 1114 243 1155 extera
254 1105 361 1155 auxilia
371 1104 658 1173 circumspicientibus.
681 1142 684 1149 .
694 1108 756 1158 Huc
778 1122 829 1155 ac.-

57 1174 172 1233 cedere,
192 1174 264 1241 quod
273 1174 360 1233 urbes,
381 1172 550 1243 castellaque
564 1172 685 1241 Africae,
706 1190 760 1223 non
772 1189 830 1223 mu-

44 1236 105 1291 ¹ris·
115 1240 229 1300 cinctae}
247 1242 340 1291 nonin
350 1240 485 1291 montibus
508 1243 619 1307 positae
635 1242 706 1300 siat,
733 1240 782 1290 sed
801 1240 831 1290 iri
892 1246 893 1249 ’

59 1308 159 1360 vianis
178 1310 296 1376 campis,
326 1310 386 1359 sine
406 1308 470 1361 ullis
489 1308 675 1369 munimentis,
703 1308 831 1357 iaceant!

58 1394 134 1447 quas
156 1392 246 1427 omnes
256 1386 329 1426 metu
339 1377 437 1427 excidii
441 1374 531 1439 facile
541 1376 579 1425 ad
593 1374 657 1425 belli
672 1376 831 1425 societatem

59 1443 164 1502 perlici
194 1460 260 1494 osse.
295 1446 390 1494 Maius
399 1444 490 1514 igitur
500 1441 775 1513 Carthaginiensibus
794 1440 829 1492 ab
867 1474 868 1478 =

60 1513 165 1581 ipsaA
178 1514 253 1573 rica,
283 1529 405 1581 quamex
424 1509 534 1572 Sicilia,
554 1509 830 1574 exarsurumbellum,

62 1579 461 1650 coituraqueauxiliaomnium
476 1580 607 1630 aduersus
628 1595 708 1630 unam
730 1577 830 1638 urbem,

63 1649 175 1698 nomine
185 1665 265 1716 quam
274 1645 367 1714 opibus
377 1646 543 1713 ampliorem,
573 1656 601 1697 et
610 1663 679 1718 quas
687 1663 740 1697 non
751 1655 830 1697 attu-

24 1750 29 1754 -
65 1715 144 1778 lerit,
155 1717 227 1784 vires
242 1715 304 1766 inde
313 1725 470 1764 sumturum.
504 1717 560 1766 Nec
570 1716 600 1766 in
610 1715 750 1784 repentino
759 1717 831 1766 Poe-

64 1797 165 1834 norum
184 1793 255 1836 metu
274 1783 403 1833 modicum
422 1793 592 1834 momentum
604 1785 737 1836 victoriae
752 1781 844 1850 sora·

67 1853 116 1923 qui
136 1860 219 1903 tanta
241 1852 363 1902 audacia
377 1849 494 1901 bostium
508 1852 639 1916 perculsi,
669 1851 832 1918 trepidaturi

68 1922 136 1971 sint.
171 1921 322 1970 Accessum
331 1927 359 1967 et
368 1917 494 1970 villarum
503 1920 638 1984 incendia,
655 1919 832 1980 castellorum,

70 1987 229 2056 urbiumque
238 1988 435 2040 contumacium
450 1987 639 2054 direptionem,
667 1994 726 2036 tum
745 1987 832 2054 ipsius

74 2054 255 2125 Carthaginis
266 2054 439 2106 obsidionem.
483 2051 584 2119 Quibus
594 2051 715 2103 omnibus
725 2069 779 2102 non
789 2053 831 2102 si-

72 2121 100 2173 bi
110 2126 218 2174 tuatum
227 2123 256 2172 in
266 2122 343 2182 alios,
363 2122 414 2171 sed
423 2129 450 2170 et
458 2119 525 2170 aliis
534 2122 562 2168 in
572 2135 602 2168 se
611 2120 733 2169 sentient
739 2129 833 2184 patere
907 2139 917 2150 ‘

54 2201 58 2208 '
71 2189 152 2241 bella.
187 2190 242 2240 His
252 2207 306 2240 non
318 2187 402 2241 solum
413 2189 519 2236 Poenos
529 2187 608 2250 vinei,
620 2187 668 2236 sed
677 2195 703 2236 et
713 2187 834 2238 Siciliam

74 2257 186 2314 liberari
190 2274 283 2325 posse.
309 2256 445 2308 Neaeaim
461 2262 612 2304 moraturos
633 2254 662 2302 in
682 2253 740 2303 eius
761 2253 833 2304 obsi-

56 2317 151 2378 ''dione
160 2325 260 2387 hostes,
281 2343 340 2381 aum
349 2341 400 2373 sua
410 2330 569 2392 urgeantur.
613 2323 753 2388 Nusquam
773 2321 832 2402 igi·
884 2347 888 2352 ·
945 2361 951 2376 ,

73 2403 117 2446 tur
125 2394 193 2445 'alibi
194 2391 310 2461 facilius
321 2391 428 2452 bellum,
447 2389 554 2442 sednec
569 2389 703 2457 praedam
723 2389 831 2440 uberru-

74 2481 125 2513 rem
134 2462 347 2528 inveniriposse.
368 2461 528 2526 Nameapta
540 2457 714 2528 Cartbagine,
727 2473 831 2509 omnem
874 2487 881 2495 ,

75 2528 198 2598 Africam
238 2527 410 2598 Siciliamque
438 2529 591 2594 praemium
610 2527 740 2586 uictorum
756 2521 829 2592 fare.
864 2527 868 2532 ’
949 2545 953 2550 ·

78 2597 196 2650 Gloriam
215 2607 286 2647 certe
306 2606 362 2649 tam
381 2595 512 2646 honestae
533 2594 648 2646 militiae
676 2603 782 2643 tantam
802 2593 831 2641 in

64 2662 393 2737 ‘amasaerumfuturam
410 2672 441 2715 ut
458 2662 605 2727 terminari
621 2659 696 2712 nullo
712 2669 829 2727 tempora
868 2718 870 2725 Ι
