2075 3000
243 151 283 204 76
405 157 408 164 “
484 171 491 184 ³
520 143 716 200 lvs'rttu

238 248 379 308 Thessalia,
399 250 497 315 argenti
514 246 659 298 metallain
678 245 788 297 Thracis
809 259 933 313 occupat.
962 248 1001 307 Et,
1025 274 1027 279 ·

197 361 203 376 ,
239 333 271 366 ne
282 315 352 382 quod
363 318 402 364 ius
413 317 457 366 vel
468 315 503 364 las
515 315 912 380 iuviolatum-praetermitteret,
933 313 1001 380 pira-
1025 300 1027 377 l

238 384 315 433 ticam
326 399 429 447 quoque
440 397 561 430 exercere
572 381 692 429 instituit.
721 381 767 429 His
778 383 811 430 ita
823 382 921 444 gestis,
941 381 1001 429 forte
1025 380 1027 405 ¹

238 452 379 510 evenitsut
389 467 451 498 eum
460 447 549 496 batres
559 446 620 506 duo,
637 463 710 510 reges
720 447 855 507 Thraciae,
875 458 933 495 nou
945 464 1003 495 con·
1025 436 1027 504 l

237 517 406 582 templatioue
417 517 531 564 iustitiae
541 516 604 574 eius,
622 513 669 561 sed
679 515 791 562 invicem
800 525 962 574 metuentes,
974 531 1004 561 ne
1025 562 1026 565 ,

237 584 342 634 alterius
368 583 465 634 viribus
487 579 632 638 accederet,
657 577 872 645 disceptationum
898 597 1004 630 suarum

237 648 351 704 iudicem
363 653 499 714 eligerent.
520 648 573 697 Sed
585 646 728 711 Philippus,
758 663 831 696 more
841 648 1003 710 ingeniisui,

237 716 270 767 ad
280 716 415 775 iudicium,
436 715 515 765 veluti
529 712 562 761 ad
571 714 680 772 bellum,
701 713 898 778 inopinantibus
914 715 1002 764 fratri-
1025 761 1027 773 ,

237 785 294 846 bus,
315 785 439 834 instructo
455 778 569 828 exercitu
585 781 738 844 supervenit,
762 790 787 826 et
796 795 879 845 regno
900 793 1001 831 utrum·

211 845 213 852 '
238 867 296 916 que,
319 867 371 900 nou
381 846 474 898 iudicis
484 861 572 908 more,
586 845 631 895 sed
640 845 730 897 fraude
740 848 847 906 latronis
857 863 888 898 ae
900 852 1000 908 scelere,

236 918 362 983 spoliarit.
551 927 555 934 ‘

304 982 379 1032 Chr.
399 981 447 1034 IV.
465 981 540 1031 Dum
550 980 612 1031 haec
631 993 751 1048 aguntur,
770 983 848 1048 legati
860 980 996 1044 Athenien

235 1052 303 1100 sium
313 1060 430 1116 petentes
445 1066 535 1116 paoem
551 1047 584 1098 ad
599 1065 659 1096 eum
675 1063 809 1099 venerunt.
840 1049 949 1115 Quibus
959 1069 1001 1099 au·

235 1116 308 1177 ditis,
329 1129 355 1166 et
364 1118 419 1182 ipse
428 1119 526 1180 legatos
535 1113 649 1165 Athenas
660 1133 720 1166 cum
729 1115 796 1181 pacis
807 1115 1001 1167 conditionibus
1025 1160 1027 1171 ,

235 1185 316 1233 misit:
333 1183 422 1248 ibique
434 1200 465 1232 ex
475 1181 611 1233 commodo
623 1180 792 1248 utrorumque
802 1201 852 1250 pax
863 1184 943 1234 sacta.
966 1187 1002 1234 Ex
1025 1182 1027 1239 ξ

236 1253 325 1301 ceteris
336 1267 439 1316 quoque
449 1249 572 1301 Graeciae
583 1249 735 1308 civitatibus,
755 1269 807 1299 nou
817 1253 889 1316 pacis
905 1269 1001 1312 amore,
1025 1280 1027 1309 ς

235 1318 281 1368 sed
301 1318 363 1368 belli
381 1329 454 1368 metu
474 1317 615 1381 legationes
630 1333 735 1365 venere.
763 1317 915 1382 Siquidem,
938 1336 999 1368 cru·
1025 1316 1026 1369 J

236 1385 354 1437 descente
364 1386 409 1446 ira,
424 1383 540 1436 Thessali
550 1383 700 1447 Boeotiique
711 1397 793 1445 orant,
814 1395 843 1432 ιιι
855 1385 999 1450 professum
1025 1408 1026 1413 ¹

235 1452 373 1503 adversum
383 1450 528 1503 Phocenses
538 1450 631 1501 ducem
643 1451 766 1502 Graeciae
777 1451 914 1504 exhibeat:
930 1465 998 1503 tanto
1025 1418 1027 1491 l

236 1518 295 1569 odio
314 1520 491 1569 Phocensium
511 1517 638 1578 ardentes,
659 1530 695 1575 ut,
715 1518 789 1568 obliti
809 1519 930 1569 cladium
939 1539 992 1571 sua·
1025 1537 1026 1564 ι

235 1601 303 1648 rum,
324 1588 407 1651 perire
418 1588 473 1650 ipsi,
486 1602 563 1649 quam
575 1602 627 1633 nou
637 1584 746 1652 perdere
757 1602 800 1633 eos
810 1599 996 1653 praeoptarent,
1025 1569 1027 1616 i

197 1705 200 1708 ,
235 1662 418 1718 expertamque
433 1650 548 1716 Philippi
568 1651 745 1701 crudelitatem
763 1654 825 1717 pati,
848 1671 934 1717 quam
944 1674 993 1721 par

234 1736 292 1767 cere
303 1718 419 1767 hostibus
431 1720 484 1766 suis
501 1719 619 1767 mallent.
654 1715 749 1767 Contra
769 1719 946 1770 Phocensium
965 1724 997 1770 le.

234 1786 294 1851 goti,
315 1783 436 1833 adhibitis
447 1783 655 1835 Lacedaemoniis
666 1797 691 1833 et
704 1778 922 1848 Atheniensibus,
942 1789 993 1838 bel-

232 1852 291 1901 lum
301 1849 513 1917 deprecabantur,
533 1854 605 1900 cuius
626 1851 699 1901 abeo
717 1852 870 1902 dilationem
890 1857 992 1904 teriam

234 1930 358 1976 emerant,
383 1918 500 1967 Foedum
511 1934 614 1983 prorsus
623 1918 851 1984 miserandumque
861 1934 993 1987 spectacu-

233 1986 304 2046 lum,
325 1985 461 2036 Graeciam
472 1988 551 2034 eriam
560 2000 630 2034 nuuc
640 1998 665 2035 et
674 1987 770 2036 viribus
780 1998 806 2035 et
815 1986 945 2051 dignitate
957 2006 994 2037 or.

232 2050 271 2101 bis
293 2062 422 2103 terrarum
441 2052 600 2117 principem,
625 2068 719 2117 regum
738 2065 805 2102 certe
825 2058 994 2121 gentiumque

233 2136 336 2186 semper·
345 2121 486 2177 victricem,
507 2130 533 2167 et
542 2121 685 2170 multarum
695 2118 780 2168 adhuc
790 2120 898 2171 urbium
909 2124 994 2173 domi-

232 2203 302 2247 nam,
315 2188 403 2237 alienis
413 2185 536 2237 excrrbare
554 2187 666 2247 sedibus,
685 2199 730 2237 aut
738 2200 876 2251 rogantem
886 2190 993 2247 bellum,

232 2266 277 2305 tut
291 2253 486 2322 deprecantem:
505 2254 534 2302 in
553 2256 657 2304 alterius
678 2271 727 2319 ope
737 2271 844 2320 ornnem
855 2272 932 2321 spem
950 2273 996 2322 po.

232 2322 390 2371 suisseorbis
410 2332 538 2369 terrarum
556 2322 678 2379 vindices,
698 2338 778 2387 eoque
797 2320 927 2371 discordia
942 2341 992 2371 sua

234 2387 401 2452 civilibusque
409 2386 484 2436 bellis
494 2386 618 2449 redactos,
638 2398 668 2436 ut
677 2388 813 2437 adulentur
835 2390 904 2437 ultr'o
913 2390 995 2439 sordi.

235 2450 297 2501 dam
306 2455 383 2517 paulo
395 2465 452 2504 ante
473 2455 605 2503 clientelae
614 2470 675 2503 suae
686 2468 797 2519 partem:
817 2467 844 2503 et
855 2454 927 2507 hseo
944 2473 993 2522 po-
1025 2475 1027 2516 ι

205 2516 207 2524 ’
234 2519 364 2567 tissimum
374 2520 455 2568 lacere
466 2519 604 2570 Thebanos
614 2520 894 2587 Lacedaemoniosque,
921 2535 992 2572 antee
1025 2519 1027 2596 l

233 2582 301 2636 iuter
313 2600 340 2639 se
349 2586 465 2652 imperii,
491 2603 563 2640 nuuc
572 2588 696 2641 Graeciae
706 2589 855 2657 imperantis
869 2592 985 2653 aemulos
1025 2601 1027 2666 ι

1025 970 1027 993 l
