2075 3000
207 138 244 204 se
331 103 333 114 ¹
497 137 691 192 rvsrrur

206 239 380 293 misericordia
395 239 489 297 exdulis
505 244 594 310 populi
623 235 870 306 ermotns‚'patriam
885 241 962 290 misc·
1013 288 1014 299 ,

206 309 241 356 ris
252 308 351 358 civibus
362 313 478 376 restituit,
500 323 524 366 et
534 311 626 359 decem
638 320 761 376 tyrannos
771 325 800 356 ex
812 307 875 356 urbe
890 307 964 358 Eleu·
1013 308 1014 335 ³

206 375 261 424 sirm
271 378 384 442 migrare
394 378 426 428 a'd
437 379 532 428 cet'eros
543 378 622 429 iubet.
648 376 749 442 Quibus
760 375 836 423 rebus
847 391 909 423 cnm
920 394 964 440 pax
1013 416 1014 431 ,

133 473 138 481 ·
205 453 380 506 statrrtaesset,
401 447 537 496 interiectis
557 446 655 503 diebus,
676 453 779 510 repente
800 445 903 506 tyranni
915 461 964 491 non

206 511 292 559 minus
302 515 429 563 restitutos
450 517 558 576 exsules,
578 530 657 578 quam
676 527 703 559 se
722 511 747 558 in
759 511 879 562 exsilium
899 521 964 558 actos
1013 560 1014 577 ἢ

206 653 246 693 tus
267 657 344 708 esset,
369 648 468 697 bellum
487 645 688 697 Atheniensibus
707 645 834 706 inferunt3
865 644 914 692 sed
933 644 962 692 ad

206 712 373 776 colloquium,
390 719 468 766 veluti
480 715 684 773 dominationem
694 711 831 777 recepturi,
848 727 963 776 progres-

204 779 237 836 si,
258 795 304 842 per
317 781 421 831 iusidias
431 779 624 846 comprehensi,
645 791 674 827 ut
688 781 757 843 pacis
772 779 893 828 victimae
910 789 964 825 tru-

206 843 339 896 cidantur:
361 851 480 914 populus,
502 865 582 912 quem
592 850 719 910 emigrare
730 847 863 902 iusserant,
882 847 911 893 in
919 862 965 893 ur-

194 910 267 960 ‘bem
278 926 420 964 revocatur.
453 913 540 979 Atque
552 908 587 964 it¹a
597 931 644 980 per
656 913 736 962 multa
749 911 865 961 membra
880 914 965 960 civitas

206 977 333 1044 dissipato,
351 981 376 1028 in
398 999 481 1032 turum
502 979 856 1046 tandemcorprrsredigitur;
878 992 913 1039 et,
935 997 965 1027 ne

206 1061 256 1110 qua
269 1043 394 1097 dissensio
414 1067 444 1098 ex
464 1051 593 1098 rinteactis
609 1058 762 1106 nasceretur,
783 1063 874 1098 omues
895 1050 964 1095 iure-

205 1113 315 1162 iurando
344 1117 562 1180 obstringuntur,
597 1112 782 1163 discordiarum
809 1112 965 1163 oblivionem

206 1179 270 1229 fore.
304 1182 404 1234 Interea
414 1171 532 1246 Thebani
543 1181 722 1246 Corinthiique
732 1182 829 1246 legatos
841 1179 874 1230 ad
886 1183 965 1240 Lace·

207 1245 354 1300 daemonius
362 1253 479 1312 mittunt,
499 1252 545 1316 qui
556 1267 586 1298 ex
595 1248 722 1297 manubiis
734 1250 881 1314 portionem
892 1263 965 1315 prae-

207 1314 254 1363 dae
276 1321 423 1369 communis
439 1317 502 1368 belli
522 1319 682 1383 periculique
701 1327 826 1382 peterent.
864 1318 965 1383 Quibus

42 1431 46 1445 ,
123 1382 128 1431 ζ
206 1386 313 1446 negatis,
333 1403 386 1434 non
401 1387 505 1451 quidem
517 1396 602 1451 aperte
623 1384 722 1432 bellurn
742 1382 865 1433 adversus
886 1385 965 1433 Lace-

206 1447 356 1501 daemonios
366 1453 523 1514 decernunt;
546 1451 592 1503 sed
602 1451 683 1500 tacitis
693 1449 787 1502 animis
797 1462 894 1501 tantam
905 1453 965 1502 isam

206 1520 364 1583 concipiunt,
385 1532 414 1569 ut
432 1521 535 1569 subesse
555 1521 654 1569 bellum
673 1518 784 1583 intelllgi
803 1532 900 1585 posset.

275 1585 351 1635 Cur.
362 1585 409 1635 Xt.
429 1586 527 1636 Eodem
538 1586 591 1635 sere
611 1600 726 1652 tempore
737 1588 840 1645 Darius,
851 1604 897 1636 rex
907 1586 966 1636 Per·

208 1666 308 1715 sarum,
329 1655 445 1719 moritur,
466 1652 604 1703 Artaxerxe
614 1666 640 1702 et
649 1654 719 1721 Cyro
729 1655 788 1702 liliis
797 1655 901 1703 relictis.
920 1656 967 1705 lle-

165 1714 172 1735 ²
208 1732 292 1783 gnum
304 1718 453 1781 'Artaxerxi,
473 1717 543 1787 Cyro
563 1723 685 1781 civitates,
705 1738 815 1786 quarum
825 1722 966 1787 praefectus

208 1797 268 1845 erat,
288 1800 439 1840 testamento
459 1790 562 1854 legerit.
592 1788 645 1837 Sed
665 1788 734 1855 Cyro
753 1788 880 1841 indicium
892 1792 965 1868 pqtris

207 1854 300 1921 inlutis
320 1856 463 1905 videbatur.
495 1854 585 1920 Itaque
604 1857 703 1905 occulte
722 1855 844 1905 adversus
862 1856 966 1905 fratrem

166 1938 170 1943 ·
206 1918 307 1972 bellum
319 1923 430 1988 parabat.
459 1922 538 1989 Quod
548 1938 608 1973 cum
624 1926 772 1973 nuntiatum
784 1923 922 1972 Artaxerxi
932 1942 968 1971 es·

127 618 137 627 .
206 575 383 642 indignantes,
405 583 475 646 quasi
497 598 559 630 vero
579 582 692 629 aliorum
708 577 812 627 libertas
831 578 965 625 suaservi-
1013 582 1014 585 ’

144 2038 147 2051 ‚
206 1997 253 2047 set,
273 1992 420 2039 arcessitum
436 1990 468 2039 ad
487 2008 513 2039 se
532 1991 647 2048 stateem,
667 1990 876 2039 etinnoceutiam
888 1991 966 2054 dissi-
1013 2003 1014 2010 ¹

206 2057 346 2107 mulatiurre
356 2058 419 2106 belli
435 2058 610 2118 simulantem,
632 2057 801 2123 compedibus
816 2059 902 2107 aureis
914 2060 968 2107 vin·

166 2127 169 2133 '
206 2125 257 2185 xit;
279 2126 511 2189 interfecissetque,
533 2126 841 2191 nimaterprohibnisset.
871 2125 969 2173 Dimis-

207 2193 249 2239 su's
259 2193 337 2255 igitur
348 2192 438 2259 Cyrus,
456 2195 507 2242 iam
518 2210 575 2242 non
581 2195 679 2241 occulte
690 2193 796 2252 bellum,
812 2192 858 2241 sed
869 2189 969 2257 palam,

206 2273 255 2305 nec
274 2276 320 2325 per
331 2258 571 2321 dissimulationem,
592 2252 637 2309 sed
652 2274 739 2326 aperta
749 2260 910 2327 professione
920 2278 970 2337 pet-3

206 2342 262 2373 rare
272 2329 366 2391 eoepit3
384 2328 475 2377 arrxilia
487 2328 604 2393 undique
615 2329 749 2378 contrahit.
770 2326 971 2378 meedaemono
1013 2383 1014 2390 ἵ

205 2406 341 2451 memores,
361 2388 512 2443 Atheniensi
533 2395 602 2444 bello
612 2398 685 2445 enixe
704 2412 731 2445 se
743 2398 798 2444 eius
807 2412 885 2461 opera
898 2394 972 2443 adiu-

205 2470 251 2520 tos,
271 2461 342 2508 velut
352 2461 506 2524 ignorantes,
526 2476 613 2513 contra
629 2480 708 2527 quem
719 2465 816 2513 bellum
828 2472 971 2527 pareretur,

206 2524 347 2577 decernunt
358 2530 457 2577 auxilie
464 2528 534 2595 Cyro
544 2532 677 2592 mittendo,
689 2530 734 2580 ubi
744 2548 785 2581 res
796 2532 852 2579 eiua
862 2530 971 2591 exegis-

207 2604 257 2646 sett
276 2606 425 2661 quaerentes
440 2596 509 2664 apud
526 2597 624 2664 Cyrum
639 2601 757 2664 gratiam,
776 2609 803 2649 et
821 2595 894 2663 apud
913 2596 968 2647 ‘Ar-
