2075 3000
185 120 489 230 nrsroulauvu
511 161 588 219 tto.
606 141 704 221 xut'
762 173 818 233 123

33 264 136 317 muria
161 266 193 317 iu
211 275 388 327 tranteuntern
406 249 487 327 iacto,
512 265 647 319 occiditur·
683 264 755 333 Quae
777 286 817 321 rea

36 348 158 385 tantum
169 337 320 385 animorum
337 329 474 399 Antipatro
491 332 573 393 dedit,
592 347 622 385 ut
634 335 710 385 etiarn
720 337 818 387 vallum

35 400 201 454 rescindere
220 401 335 451 auderet.
369 398 507 453 Auxilium
518 400 614 454 dei-nde
625 420 639 451 a
650 401 762 453 Leonatu
772 420 818 467 per

34 468 152 535 legatos
171 470 248 533 petit:
268 466 312 533 {rui
322 476 384 517 cnm
392 470 481 517 venire
492 486 554 519 curn
564 470 677 517 exercitu
686 472 817 519 nuntiatur
859 524 865 537 .
921 472 973 519 ’,η

38 548 126 594 esset,
139 534 211 585 obvii
221 536 245 583 ei
255 533 428 586 Athenienses
440 553 502 594 curn
511 537 641 588 instructio
653 535 731 601 copiis
737 536 817 597 fuere,

38 603 141 668 ibique
154 604 269 665 equestri
278 603 388 667 proelio,
407 606 480 667 gravi
491 605 598 653 vulnere
609 603 673 651 ictus
684 604 817 668 extingui·

39 682 99 719 tur.
122 667 271 734 Antipater,
281 670 382 719 tametsi
393 670 489 720 auxilia
499 687 545 720 tua
554 668 651 719 rideret
659 664 732 729 ricta,
743 686 817 728 mor-

41 749 70 785 te
93 747 190 785 tamen
208 734 437 802 Leonnati-laetaturi
453 748 506 797 eat3
527 738 589 800 quip
611 752 624 783 e
644 747 669 784 et
684 738 819 786 aemulum
891 782 899 789 ,

39 803 201 862 sublatum,
221 812 246 853 et
261 803 329 852 viret
349 804 403 851 etur
422 804 553 853 accessisse
569 754 617 851 aiii
634 802 817 866 gratulabatur.

42 870 152 920 Statim
162 870 242 933 igitur
251 869 364 919 exercitu
374 869 429 920 eiua
438 879 541 935 recepto
548 874 562 931 ¹,1
577 884 638 917 cum
648 885 694 935 par
703 866 749 917 lios
761 870 817 919 'but

42 939 132 986 etiam
143 937 243 1002 proelio
253 934 397 996 rideretur,
415 937 515 985 solutus
526 934 667 994 obsidione,
687 936 715 985 in
755 953 816 985 ace-

43 1004 164 1052 doniam
178 1004 312 1052 concessit.
347 1002 508 1053 Graecorum
523 1019 626 1066 quoque
638 1001 736 1069 copiae,
755 1003 818 1053 fini-¹

44 1071 101 1120 bus
112 1070 233 1121 Graeciae
244 1069 315 1118 horte
324 1070 400 1135 pulao
405 1103 415 1127 ,
434 1071 463 1119 in
473 1069 550 1126 urbes
561 1070 683 1134 dilapsae.
751 1080 759 1089 ’

123 1136 201 1186 Car.
211 1135 258 1184 VI.
278 1136 380 1190 Interea
390 1133 519 1194 Perdicca,
536 1136 606 1185 bello
617 1134 755 1195 Ariaratbi‚¹
773 1151 819 1185 re·
898 1156 902 1165 *

48 1206 77 1272 gi
88 1202 291 1269 Cappadocum,
310 1204 394 1260 illato,
411 1202 562 1268 proelioque
572 1203 651 1250 victor
665 1200 731 1249 nihil
740 1218 818 1267 prae-

49 1273 104 1323 mii
115 1280 216 1336 praeter
231 1270 339 1340 vulnera
354 1280 379 1317 et
393 1267 507 1334 pericula
517 1270 619 1317 retulit.¹
639 1269 754 1335 'Quippe
765 1268 833 1317 lto-¹

52 1350 109 1389 stes
124 1338 158 1386 ab
177 1338 230 1385 acie
242 1337 269 1383 in
284 1334 378 1384 urbem
397 1336 507 1400 recepti,
525 1334 612 1383 occisit
630 1334 782 1400 coniugibus
793 1346 819 1384 et
876 1325 878 1339 ¹

50 1406 152 1462 liberis,
168 1401 262 1451 domur
281 1402 388 1467 quisque
408 1419 467 1451 auat
477 1418 537 1450 curn
549 1402 667 1450 omnibus
679 1400 758 1466 copiis
778 1404 816 1451 in.

51 1470 209 1524 tenderunt.
243 1468 347 1519 Eodem
365 1470 492 1534 congestio
513 1469 590 1518 etiam
600 1469 716 1530 servitiis,
734 1481 759 1519 et
770 1464 816 1518 le·
892 1482 896 1487 ·

51 1543 181 1605 metipsos
199 1539 382 1604 praecipitant,
399 1547 429 1585 ut
438 1535 505 1584 nihil
527 1535 607 1584 hostis
618 1535 701 1584 victor·
710 1551 817 1586 suarum

53 1622 154 1665 rerum,
171 1617 271 1670 praeter
290 1602 400 1652 incendii
416 1604 560 1671 spectacula
571 1603 707 1650 furaretur.
743 1601 827 1661 inde,¹

54 1688 86 1725 nt
95 1672 193 1723 viribus
203 1672 378 1720 auctoritatem
388 1671 487 1735 regiam
497 1670 652 1734 acquireret,
671 1667 704 1716 ad
714 1670 816 1736 nuptias
846 1721 856 1736 1
941 1700 945 1714 .

56 1742 218 1804 Cleopatrae,
237 1739 329 1796 rororis
337 1735 479 1786 Alexandri
490 1739 589 1800 Magni,
606 1747 630 1784 et
640 1737 742 1786 alterius
753 1736 816 1786 Ale·

55 1805 148 1858 xandri
159 1803 291 1869 quondam
309 1806 409 1865 uxoris,
428 1821 481 1851 non
491 1815 639 1868 aspernante
651 1799 815 1868 Olympiade,

56 1874 216 1931 matteeiue,
236 1868 358 1918 intendit:
377 1868 423 1918 aed
432 1871 503 1935 prius
513 1870 694 1934 Antipatrum,
713 1871 760 1919 sub
775 1868 816 1918 as-

57 1943 160 1991 finitatis
180 1937 301 1996 obtentu,
321 1951 410 2003 capere
425 1934 549 2002 cupiebat.
585 1937 674 1998 ltaque
686 1937 768 2000 fingit,
788 1950 815 1986 te

57 2010 85 2056 'ur
95 2004 292 2056 matrimonium
302 2005 382 2052 filiam
394 2003 448 2073 eius
457 2013 555 2068 petere,
574 2017 625 2065 quo
635 2001 733 2049 facilius
744 2001 774 2050 ab
786 2018 816 2050 eo

60 2076 266 2140 supplementum
293 2072 409 2120 tironum
439 2085 472 2118 ex
502 2067 655 2117 Macedonia
680 2066 815 2117 obtineret.

62 2142 144 2206 Quem
154 2139 243 2189 dolum
258 2139 444 2203 praesentiente
454 2131 598 2200 Antipatro,
619 2133 682 2182 dum
692 2133 756 2182 duas
767 2151 815 2182 eo·

62 2205 120 2258 dem
131 2218 245 2271 tempore
256 2206 348 2254 tixores
359 2202 467 2267 quaerit,
478 2213 598 2249 neutram
609 2199 729 2248 obtinuit.
755 2199 817 2249 Post

62 2273 122 2324 haec
138 2275 239 2323 bellum
257 2272 323 2320 inter
336 2268 500 2334 Antigonum
519 2279 547 2317 et
566 2261 714 2315 Perdiccam
724 2267 814 2315 oritur.
891 2319 892 2335 χ

61 2340 190 2405 Antigono
205 2338 325 2388 Craterus
345 2349 370 2386 et
391 2335 526 2400 Antipater
544 2334 670 2383 auxilium
688 2331 815 2395 ferebant3

62 2411 105 2472 qui
124 2410 187 2456 sacta
206 2421 266 2454 cum
281 2402 586 2467 ,Atltenienribuapacm
612 2398 816 2516 Polptperehouta
887 2432 893 2439 -

62 2477 179 2526 Graeciae
187 2485 213 2523 et
222 2473 388 2524 Macedoniae
397 2487 457 2536 prae
476 2479 567 2517 onunt.
600 2465 650 2516 l'er·
672 2467 731 2529 itca,
749 2468 815 2516 nlie·

62 2542 215 2600 natiarebua,
234 2538 385 2601 Aridaeuni,
414 2549 439 2586 et
488 2533 594 2586 exaudri
611 2535 701 2598 Magni
723 2535 813 2594 fitium,

63 2609 88 2658 in
99 2607 264 2676 Cappadocia,
286 2623 398 2672 quorum
407 2621 467 2654 cura
482 2605 521 2652 illi
533 2601 652 2652 mandata
664 2602 762 2659 ¹suerat,
780 2598 814 2647 de
884 2617 887 2627 ‘

66 2692 159 2730 tumtur
167 2676 229 2726 belli
239 2673 266 2724 in
279 2673 418 2742 consilium
437 2666 548 2723 adhibet.
584 2663 745 2734 Quibusdam
754 2665 810 2734 pla·
