2075 3000
218 211 284 271 118.
315 176 357 216 ·“
426 219 430 255 ;
498 192 693 255 1vsr1n1

216 298 323 357 niuno
355 303 392 355 Vt
410 318 471 352 vero
489 300 577 349 mortis
597 298 651 347 eius
672 292 734 344 nde·
756 291 857 355 adsuit,
884 306 979 340 omnes

213 373 443 436 barbarasgeutes,
463 368 607 433 panloente
627 362 659 413 nb
679 379 710 411 eo
726 360 850 421 devictae,
870 362 928 416 non
953 368 982 407 nt

215 440 325 499 hostem,
344 436 389 487 sed
408 444 596 501 utxparentem
616 431 745 479 luxerunt.
772 430 858 478 Mater
871 442 982 493 quoque

214 508 287 557 Darii
297 508 373 569 regis,
394 519 481 567 quam,
501 502 594 550 amisso
605 500 666 561 filio,
687 515 699 546 a
710 496 912 561 instigiotuntae
921 512 982 543 ma·

124 588 128 595 ’
201 574 309 625 “ἰιιιιῑίι
319 574 345 620 in
357 570 528 636 captivitatem
539 566 676 621 redactam,
688 560 847 633 indulgentia
861 563 979 617 victoris,

214 641 243 689 in
263 656 320 689 eam
341 636 411 685 diem
431 636 498 696 ritae
519 651 572 682 non
594 632 762 699 poenituerat,
782 626 869 678 audita
891 638 978 675 morte

214 704 370 764 Alexandri,
395 714 508 750 mortem
527 700 577 758 sibi
596 702 648 764 ipsa
668 697 805 758 conscivit;
826 711 883 743 non
905 690 979 759 quod

215 771 313 822 hostem
324 773 378 821 filio
394 768 544 834 praeferrem
564 764 608 815 sed
619 760 688 829 quod
707 765 829 830 pietatem
839 762 886 810 filii
896 762 924 810 in
936 777 977 822 eo,

215 856 293 905 quesn
304 849 332 887 ut
343 837 445 885 hostem
455 835 584 895 timuerat,
596 842 697 897 experta
708 842 780 882 esset.
808 826 905 877 Contra
916 828 976 876 Ma·

215 903 323 953 cedones
335 919 406 953 versa
417 902 480 958 vice,
500 918 554 948 non
565 909 593 946 ut
602 899 693 958 civem,
713 914 743 946 nc
753 908 836 945 tantae
848 897 975 944 maiesta-

215 973 245 1019 tis
265 985 360 1033 regem,
381 983 471 1017 rerum
491 978 521 1014 ut
540 967 641 1013 hostem
658 964 792 1023 amissum,
813 960 974 1026 gaudebant:

214 1037 374 1087 severitatem
394 1033 510 1090 nimiam,
533 1028 667 1081 etassidua
686 1030 750 1079 belii
769 1030 884 1096 pericula
895 1044 972 1076 exse-

214 1113 321 1153 crantes.
340 1100 399 1148 Huc
417 1098 561 1159 accedebam
581 1097 651 1163 quod
669 1095 796 1162 principes
814 1111 929 1161 regnum
949 1106 973 1143 et

214 1171 332 1235 imperia,
354 1169 446 1230 vulgus
456 1167 570 1214 militurn
580 1164 712 1212 thesauros
727 1176 752 1212 et
763 1158 858 1229 grande
869 1158 973 1228 pondus

214 1238 283 1295 nuri,
308 1235 380 1283 uehit
400 1228 563 1296 inopinatum¹
583 1229 719 1295 praedam,
745 1227 904 1295 spectabant:
933 1229 973 1275 illi

225 1304 397 1351 uccessionem
408 1301 490 1363 regni,
511 1298 538 1345 hi
549 1314 629 1362 opum
648 1309 676 1345 tc
686 1296 834 1346 divitiarum
843 1294 973 1344 heredita·

213 1381 273 1429 tem,
294 1370 443 1432 cogitantes.
472 1366 552 1413 Erant
571 1366 640 1412 enim
659 1364 686 1413 in
710 1363 832 1413 thesauris
843 1365 972 1427 quinqua·

214 1438 283 1500 ginta
296 1436 377 1483 millia
395 1431 538 1493 talentum,
558 1441 583 1478 et
593 1432 619 1479 in
639 1446 724 1478 annuo
744 1430 862 1493 vectigali
874 1430 971 1477 tributo

131 1532 134 1539 ι
215 1505 309 1551 tricena
320 1502 413 1551 millia.
441 1496 496 1546 Sed
515 1515 563 1546 nec
573 1499 648 1546 amici
667 1494 807 1548 Alexandri
818 1496 909 1546 frustra
929 1511 992 1543 re-·

215 1568 464 1634 gnnmspectabant3
475 1566 547 1614 ‘nam
567 1567 620 1613 eius
640 1563 779 1614 virtutisne
801 1563 972 1614 venerationis

215 1647 295 1690 erant,
314 1646 344 1681 ut
363 1633 478 1695 singulos
497 1647 569 1694 reges
580 1642 691 1696 putares.
719 1632 823 1697 Quippe
835 1646 862 1679 ea
874 1631 972 1678 formae

214 1699 389 1768 pulchritudo,
409 1711 434 1747 et
443 1699 583 1763 proceritas
604 1699 724 1764 corporis,
744 1709 770 1747 et
780 1699 873 1747 virium
883 1711 911 1744 ac
932 1713 975 1744 sa-

214 1769 321 1834 pientiae
332 1763 482 1830 magnitudo
492 1767 517 1812 in
528 1764 647 1812 omnibus
658 1765 712 1824 fuit,
731 1775 767 1826 nt,
785 1764 829 1830 qui
839 1781 882 1812 eos
894 1766 973 1829 igno·

213 1845 288 1893 reret,
309 1849 362 1880 non
372 1849 402 1879 ex
413 1843 558 1896 nongento,
578 1831 624 1879 sed
645 1849 677 1880 ex
696 1842 750 1880 toto
769 1843 898 1880 terrarum
909 1830 971 1878 orbe

215 1894 453 1954 electosiudicnret.
483 1899 574 1960 Neque
594 1899 662 1955 enim
684 1915 799 1962 unquam
809 1910 867 1946 ante
879 1900 971 1948 Mace-

215 1967 305 2023 donia,
329 1968 371 2015 rel
391 1967 444 2014 ulia
463 1981 526 2030 gens
545 1965 607 2024 alia,
633 1976 685 2018 tam
710 1967 840 2014 clerorum
859 1966 972 2014 virorum

197 2071 200 2079 .
214 2044 341 2100 proventu
350 2034 446 2080 floruit:
463 2048 527 2100 quos
541 2033 623 2096 primo
634 2031 777 2099 Philippus,
791 2045 852 2079 mox
862 2032 962 2081 Alexan

187 2151 193 2160 ¹
215 2099 274 2156 der.
294 2111 365 2148 tauta
383 2115 444 2147 curn
463 2100 566 2163 legeret,
589 2108 681 2147 utnon
702 2111 755 2148 tam
774 2096 806 2148 ad
826 2100 973 2148 rociensem

213 2165 284 2224 belli,
299 2183 377 2231 quam
390 2166 416 2212 in
428 2167 615 2213 successionem
626 2167 707 2229 regni,
728 2165 802 2214 electi
811 2163 971 2214 viderentur.

216 2232 279 2299 Quis
300 2235 378 2298 igitur
397 2234 514 2290 miretur,
534 2231 627 2280 talibus
647 2232 772 2280 ministris
787 2231 972 2280 vibentem·

191 2357 195 2365 .
213 2316 272 2348 rum
283 2301 393 2348 rictum:
412 2316 473 2348 oum
482 2300 604 2348 exercitus
615 2295 788 2356 Macedonum
797 2309 844 2362 tot,
860 2315 912 2347 non
923 2297 973 2346 ‹lu-

214 2365 300 2423 cibus,
320 2363 365 2414 sed
384 2365 497 2431 regibus,
517 2363 668 2430 regeretur?
699 2365 752 2430 Qui
769 2381 904 2430 nunquam
922 2363 973 2414 sibi

213 2432 366 2498 reperissent
376 2449 459 2496 pares,
474 2433 496 2480 si
504 2435 559 2480 ison
571 2434 636 2482 inter
646 2448 672 2480 se
682 2433 882 2481 concurrissent:
901 2432 972 2481 mul·

212 2511 301 2562 torque
312 2497 462 2554 Macedonia
472 2516 520 2564 pro
531 2517 584 2548 uno
594 2497 753 2562 Alexandros
764 2496 900 2562 habuisset,
923 2497 972 2548 nisi

212 2564 312 2613 fortuna
332 2580 376 2612 eos
396 2565 567 2615 aemulatione
588 2567 690 2618 uirtutis
707 2567 735 2615 in
751 2567 895 2633 perniciem
905 2581 969 2616 mu·

212 2641 284 2686 tuam
298 2643 429 2693 armasset.
456 2675 460 2680 .
597 2675 602 2684 ,

278 2694 400 2755 Cae-ll}
425 2696 560 2760 Ceterum,
580 2701 662 2750 occiso
680 2697 843 2764 Alexrndro,
868 2715 923 2750 non
944 2711 972 2750 nt
