2075 3000
250 114 287 195 tt
536 117 725 188 trsrlar

251 217 461 274 tiam'transiert.
505 223 542 272 Eo
569 235 595 274 et
614 221 774 273 Graecorum
798 225 934 286 exercitus,
963 225 998 294 qui

208 291 210 298 “
251 301 356 342 centum
372 291 487 341 millium
507 289 568 352 fnit,
587 305 688 342 secutus
704 301 754 340 est:
773 291 861 356 ibique
879 293 999 357 proelium

251 359 428 418 commissum.
466 353 519 406 Sed
536 358 638 406 fortuna
657 359 725 422 regis
745 375 805 411 cum
825 357 890 408 duce
908 372 998 409 mutata

250 435 364 475 nonest.
394 424 461 474 Nam
477 424 558 473 victus
574 425 737 487 Mardonius,
756 426 835 475 veluti
851 439 882 475 ex
900 427 997 477 natahe-

247 496 304 560 gio‚
322 508 381 540 cum
391 493 477 556 paucis
488 492 608 556 profugit.
637 492 724 542 Castra
733 493 827 542 referta
835 493 927 557 regalis
937 511 998 560 opu-

247 561 340 610 lentiae
351 566 432 624 capta.
461 557 537 609 Vnde
548 561 663 625 primum
674 561 799 618 Graecos,
810 559 891 608 diviso
900 561 968 611 iuter
976 579 998 610 se

247 645 309 676 auro
317 625 425 688 Persico,
432 626 682 678 divitiarumluxuria
690 628 765 694 cepit.
775 627 876 675 Eodem
883 628 948 678 sorte
955 628 998 688 die,

247 711 299 760 quo
309 692 437 759 Mandonii
449 694 536 760 copiae
547 693 645 744 deletae
656 706 728 755 sunt,
749 695 827 742 etiam
837 695 919 743 navali
928 712 999 761 proe-

245 763 282 812 lio
294 763 322 812 in
331 758 400 822 Asia,
411 761 459 810 sub
471 772 559 810 monte
570 761 684 826 Mycale,
694 759 814 810 adversus
824 761 914 811 Persas
924 763 1000 812 dimi·

249 840 335 878 catum
346 840 391 884 est.
403 825 443 877 Ibi
454 839 511 877 aute
523 831 736 892 congressionem,
744 845 804 878 eum
815 831 907 879 classes
917 846 950 879 ex
957 830 1000 879 ad-

246 913 319 946 terso
339 895 447 956 starent,
469 895 537 960 fama
556 895 589 943 ad
609 909 746 960 utrumque
768 896 909 946 exercitum
927 901 999 955 veuit,

187 986 189 988 ·
245 963 334 1012 vicisse
346 963 465 1024 Graecos,
480 973 504 1011 et
513 961 643 1012 Mardonii
654 965 739 1030 copias
750 963 883 1013 occidione
894 965 1001 1014 occidis·

235 1047 283 1095 ¹ae.
302 1030 411 1080 Tantam
422 1030 504 1080 famae
515 1031 673 1080 velocitatem
684 1033 776 1092 fuisse,
785 1041 827 1092 nt,
848 1047 909 1080 curn
919 1045 1002 1091 matu-

245 1097 299 1148 tino
321 1109 438 1162 tempore
458 1097 587 1162 proelium
605 1099 632 1146 in
651 1097 756 1147 Boeotia
775 1099 947 1148 commissum
966 1102 1001 1160 sit,

191 1186 193 1190 ·
234 1163 394 1227 ¹meridianis
405 1164 474 1213 horis
485 1165 511 1210 iu
521 1162 624 1225 Asiam,
643 1183 690 1230 per
700 1175 738 1214 tot
744 1166 843 1227 maria,
865 1178 890 1214 et
905 1164 1002 1217 tantum

246 1233 327 1298 spatii,
339 1243 392 1281 tam
401 1231 472 1280 brevi
482 1229 604 1293 horarum
615 1244 758 1293 momento,
778 1232 811 1281 de
820 1233 927 1282 victoria
938 1254 1003 1285 nnn-

246 1301 339 1349 tiatum
348 1300 389 1348 sit.
414 1297 544 1360 ¹Confecto
554 1299 640 1359 helio,
661 1315 721 1349 cum
732 1299 763 1348 de
778 1302 900 1366 praemiis
918 1303 1004 1353 civita-

232 1378 303 1434 ,tum
314 1378 446 1432 ageretur,
467 1365 587 1413 omnium
605 1365 712 1429 iudicio,
732 1363 935 1418 Atheniensium
955 1372 1004 1420 vir·

247 1446 287 1486 tus
298 1437 386 1485 ceteris
396 1433 517 1503 praelata}
527 1432 598 1482 Inter
609 1432 685 1483 duces
696 1450 800 1499 quoque
809 1435 1004 1498 Themistocles,

248 1504 365 1568 princeps
377 1498 508 1553 civitatnm
517 1502 667 1551 testimonio
678 1500 817 1567 iudicatus,
837 1505 952 1571 gloriam
962 1526 1005 1574 pa·

246 1571 308 1619 triae
318 1586 377 1617 snae
388 1571 465 1619 auxit.

230 1630 234 1635 ’
313 1635 377 1686 Cae.
396 1636 454 1687 XV.
483 1634 566 1699 Igitur
580 1634 748 1687 Athenienses
764 1641 831 1689 aucti
846 1651 871 1687 et
886 1642 1005 1705 praemiis

229 1750 233 1757 ,
245 1704 309 1753 helii
320 1714 344 1751 et
354 1704 446 1767 gloria,
466 1700 559 1751 urbem
569 1718 600 1751 ex
610 1704 709 1768 integro
726 1705 836 1755 condere
852 1710 1006 1759 moliuntur.

181 1824 184 1831 ,
247 1769 315 1819 Cum
325 1771 426 1819 moenia
436 1770 534 1819 maiora
544 1772 672 1837 complexi
687 1774 806 1835 fuissent,
826 1779 942 1840 suspeoti
960 1793 1006 1827 esse

245 1836 456 1887 Lacedaemoniis
471 1855 591 1903 coepere,
613 1851 682 1887 recte
702 1842 892 1905 reputantibus,
916 1847 1006 1911 quibus

164 1953 169 1963 ,
245 1906 318 1955 mina
328 1904 398 1953 urhis
409 1916 509 1954 tantum
521 1906 672 1954 incrementi
688 1906 813 1969 dedisset,
833 1923 967 1972 quantum
981 1912 1007 1959 sit

245 1970 334 2021 datura
343 1974 441 2023 munita
453 1974 549 2021 civitas.
559 1972 667 2021 Mittunt
677 1990 736 2039 ergo
746 1976 849 2039 legatos,
862 1979 908 2041 qui
919 1994 1008 2029 mone-

244 2050 316 2103 rent,
326 2056 358 2089 ne
368 2040 537 2092 munimenta
547 2037 671 2089 hostibus
682 2049 709 2089 et
719 2042 896 2108 receptacula
908 2044 1008 2113 futuri

245 2105 309 2159 belli
325 2116 482 2157 exstruant.
512 2106 722 2172 Themistocles,
732 2120 762 2160 ut
775 2105 848 2159 ridit¹
860 2115 919 2175 spei
940 2115 1008 2164 urbis

237 2174 368 2237 invideri,
388 2192 441 2225 uon
452 2176 610 2237 existimans,
631 2175 739 2241 abmpte¹
750 2176 886 2241 agendum,
898 2198 1011 2249 respon-

185 2248 191 2255 ‘
245 2242 283 2295 dit
292 2244 394 2309 legatis,
406 2244 496 2292 ituros
506 2242 751 2302 lacedaemonem,
765 2244 857 2311 quide
868 2264 905 2295 ea
917 2264 1012 2317 repo-

245 2310 315 2359 rt'ter
331 2328 390 2359 cum
406 2309 461 2360 illis
480 2308 638 2359 consulant.
668 2310 711 2359 Sic
731 2310 844 2361 dimissis
864 2313 1010 2381 Spartanis,

245 2375 362 2426 hortatur
374 2394 449 2439 snos,
469 2394 537 2443 opus
547 2386 694 2434 maturent.
716 2377 788 2427 'Dein
801 2379 857 2444 ipse
871 2383 1011 2434 interiecto

246 2456 361 2509 tempore
377 2446 403 2492 in
421 2447 576 2510 legationem
591 2446 771 2510 proficiscitur,
792 2458 824 2508 et,
840 2452 956 2502 nuncin
969 2454 1011 2501 iti-

1028 1492 1030 1520 i

1028 1661 1030 1710 i

1028 1715 1030 1756 i

1028 1947 1030 1972 i

1028 1987 1029 2004 t

221 2572 224 2579 Ι
246 2528 307 2561 nere
322 2512 467 2562 infirmitate
483 2514 616 2571 simulata,
636 2529 705 2561 nuuc
722 2512 870 2563 tarditatem
890 2520 1029 2583 collega-¹

246 2595 306 2629 rum
315 2596 433 2630 accusans
439 2616 447 2643 ,
463 2580 515 2629 sine
526 2580 619 2646 quibus
628 2577 669 2646 agi
679 2581 734 2632 iure
744 2581 808 2629 nihil
817 2583 916 2649 possit,
943 2586 1013 2637 diem
