2075 3000
226 212 283 269 uc
426 200 721 257 .svsr1n1·
819 198 841 217 ··

227 318 288 373 etse,
306 303 465 366 Aridse‘nm,
485 302 627 355 Alexandri
648 304 769 366 fratrem,
789 302 988 370 regemuppel·

226 378 294 434 lans,
313 376 484 438 satellitesque
494 372 533 420 illi
548 389 577 420 ex
590 370 660 420 tribu
679 389 724 419 sus
734 373 833 439 legunt,
844 383 872 421 et
884 373 989 419 nomine

226 443 295 495 Phili
315 444 341 507 pi
360 443 438 505 patris
457 440 544 490 vocari
564 438 662 487 iubent.
692 438 764 503 Quae
784 454 845 487 cunr
874 440 989 491 nuntiate

151 512 159 518 ”
227 510 354 576 equitibus
375 518 466 569 essent,
486 507 583 569 legatos
604 505 636 554 sd
651 504 802 570 mitigandos
825 507 989 553 eorumani-

225 594 289 636 mos,
311 575 375 624 duos
395 590 427 622 ex
445 573 607 638 proceribus,
627 570 745 620 Attalum
766 583 790 621 et
813 569 989 636 Meleagrum,

225 646 342 700 mittunt,
363 642 407 705 qui
420 637 560 706 potentiam
571 656 600 687 ex
611 640 682 705 vulgi
699 638 845 687 ldulatione
860 655 988 705 quaeren-

199 760 203 765 ,
223 722 276 772 tes,
292 710 389 757 ‘omissa
398 707 535 771 legatione,
551 706 674 755 militibus
686 706 857 755 consentiunt.
896 706 988 753 sunm

226 785 252 826 et
260 774 351 826 seditio
360 776 449 827 erevit,
470 773 515 821 ubi
539 785 651 837 caputet
671 774 807 821 eonsilium
818 772 916 821 habere
928 788 987 819 coe-

224 845 271 911 pit.
306 842 383 891 Tunc
392 839 424 889 sd
435 839 575 888 delendum
583 841 729 904 equitatum
739 840 825 885 cuncti
844 840 944 885 armati
963 840 987 885 in

227 908 326 972 regium
345 909 507 971 irrumpunt:
529 924 580 971 quo
596 906 706 966 cognito,
727 905 824 967 equites
844 902 946 968 trepidi
960 903 988 951 ab

132 1008 142 1022 t
226 978 291 1025 nrbe
301 972 445 1028 discedunt,
451 973 589 1033 cunisque
595 971 693 1037 positis,
704 972 781 1035 etipsi
787 967 888 1035 pedites
895 980 988 1017 terrere

178 1036 184 1040 ’
229 1050 378 1107 coeperunt.
393 1037 445 1085 Sed
455 1052 503 1085 nec
521 1051 656 1101 procerum
667 1037 734 1093 inter
743 1053 770 1085 se
781 1035 988 1085 ediscessnbnnt.
1026 1066 1027 1071 =

226 1109 329 1158 Attalus
348 1103 381 1154 sd
401 1102 608 1152 interficiendum
627 1100 785 1160 Perdiccam,
805 1101 901 1151 ducem
913 1104 988 1168 pertis

136 1172 140 1187 ¹
226 1176 339 1234 atterius,
359 1173 449 1221 mittit:
469 1169 502 1219 sd
521 1185 599 1234 quem
610 1180 746 1229 armatum,
766 1179 790 1217 et
810 1171 881 1217 ultro
896 1186 989 1217 vocan-

226 1254 294 1301 tem,
323 1255 384 1289 cnm
404 1236 523 1286 accedere
543 1251 701 1300 percussores
720 1238 773 1285 susi
793 1252 846 1284 nou
868 1236 987 1293 fuissent,
1026 1258 1027 1265 ¹

227 1319 296 1358 tenta
315 1306 454 1356 constantis
474 1301 609 1357 Perdiccae
625 1303 681 1360 fnit,
703 1312 731 1350 ut
750 1304 818 1351 ultra
836 1302 870 1351 ad
889 1304 989 1368 pedites

226 1376 336 1433 veniret,
356 1384 384 1422 et
396 1374 424 1421 in
439 1370 590 1419 concionem
606 1380 707 1417 vocatos
718 1370 845 1427 edoceret,
867 1370 941 1433 quod
951 1369 990 1417 la·
1026 1392 1027 1447 p

227 1444 300 1491 cinus
308 1439 474 1489 molirentur:
495 1434 682 1500 Respicerent,
703 1434 798 1483 contra
820 1450 889 1502 quor
910 1452 989 1485 urmes

227 1506 398 1560 enutrierunt:
412 1520 467 1552 non
477 1501 541 1551 illos
550 1503 657 1557 Persas,
675 1503 726 1550 secl
735 1501 922 1562 Macedonum
937 1519 989 1552 non

226 1575 325 1636 noster,
345 1571 394 1623 red
409 1571 481 1619 cicer
499 1584 576 1627 κω
589 1567 733 1637 pleraeque
751 1570 834 1618 eliam
854 1579 990 1639 cognatos

227 1657 326 1699 eorum,
347 1645 420 1687 certe
439 1635 647 1696 commilitones,
669 1637 814 1686 eorundem
834 1647 989 1687 castrorum

228 1725 261 1759 ac
277 1703 453 1773 periculorum
473 1699 573 1752 socios}
593 1703 712 1752 edituros
731 1703 829 1752 deinde
845 1706 988 1772 egregium

226 1773 353 1826 hostilius
363 1771 421 1821 sus's
430 1769 623 1834 spectaculum,
646 1778 678 1818 ut
705 1785 797 1820 uorum
807 1785 894 1818 armar
904 1772 988 1820 vietor

227 1838 386 1898 redoleant,
404 1852 494 1886 eorum
513 1838 671 1886 mutuiccoe
691 1835 751 1887 ibus
767 1837 922 1906 gaudeant,
938 1853 987 1904 pc-

164 1942 168 1947 ·
229 1915 439 1972 tentaturusque
447 1904 585 1972 sanguine
595 1920 644 1954 suc
653 1902 776 1954 manibus
786 1903 906 1954 hostium
922 1921 943 1953 a
960 1919 987 1953 ss

228 1969 438 2034 interjectorum.

296 2039 369 2088 Cur.
380 2036 428 2087 lv.
448 2035 517 2084 Haec
537 2053 599 2087 eum
617 2054 664 2104 pro
674 2039 797 2103 singulari
811 2037 985 2088 sacundiasns

210 2106 347 2162 ,Perdicca
358 2114 506 2170 perorasset,
527 2102 591 2151 adeo
609 2107 691 2153 movit
706 2105 813 2169 pedites,
835 2117 873 2166 ut,
893 2105 985 2170 proba·

227 2183 253 2222 to
267 2171 377 2224 consilio
396 2171 458 2229 eins,
480 2167 536 2218 dux
556 2167 587 2218 ab
607 2169 727 2220 omnibus
747 2171 894 2233 legeretur.-
915 2172 986 2218 Turn

227 2240 325 2303 equites
335 2239 362 2287 io
381 2235 547 2286 concordiam
566 2238 682 2298 revocati,
704 2238 730 2286 in
743 2235 885 2286 Aridnenm
895 2251 986 2302 regem

227 2306 400 2362 consentiunt·
426 2300 530 2355 Servata
546 2314 583 2352 est
593 2306 676 2369 portio
686 2304 760 2368 regni
771 2301 911 2352 Alexandri
922 2304 985 2361 lilio,

227 2373 249 2421 si
258 2383 333 2420 nsuss
343 2380 417 2419 esset.
437 2367 506 2418 Haec
521 2370 638 2435 agebant,
650 2372 731 2436 posito
745 2369 772 2418 in
782 2368 870 2419 medio
881 2385 985 2434 corpore

227 2435 376 2496 Alexandri,
395 2447 424 2485 nt
442 2436 558 2486 maiestas
578 2439 632 2486 eius
652 2439 722 2486 testis
737 2434 899 2486 decretorum
909 2448 984 2485 esset·

228 2503 277 2553 His
286 2505 321 2552 its
330 2503 486 2566 compositis,
508 2502 673 2553 Macedonise
684 2514 710 2552 et
722 2501 842 2553 Graeciae
851 2501 985 2568 Antipater

227 2569 406 2636 praeponitur:
424 2570 510 2633 regiae
519 2571 642 2633 pecuniae
653 2570 767 2620 custodis
782 2568 887 2619 Cratero
902 2569 984 2618 tradi-

227 2645 282 2684 tur:
302 2646 451 2692 csstrornm,
470 2635 604 2695 exereitus,
621 2648 647 2684 et
665 2651 754 2685 rernm
773 2651 835 2684 rnre
854 2634 982 2701 Meleagro

227 2711 256 2750 et
274 2697 411 2752 Perdiccae
430 2699 590 2766 essignstnrt
616 2701 770 2768 inireturque
790 2700 917 2754 dridsens
936 2713 980 2752 ret
