2075 3000
191 162 492 254 arsrorrsrysr
516 166 595 223 crs
620 170 655 223 n.
774 137 826 244 st*

47 269 188 323 Per-seram
198 283 365 340 susceperant,
384 273 411 321 in
422 269 548 322 auxilium
558 274 625 338 regia
634 273 713 324 classe
725 274 810 326 renisi
835 326 843 343 ,

45 357 90 402 σος
113 338 248 388 sollicitare
259 357 301 389 eos
319 341 346 388 iu
357 350 439 406 partes
449 357 507 388 suas
516 341 611 389 statuit.
640 341 745 399 Etcum
754 344 810 391 col-⁸

44 403 177 471 loquendi
188 407 285 472 copiam
305 425 357 456 nou
374 405 484 466 haberet,
504 424 555 471 quo
567 406 712 474 applicituri
731 419 818 474 erent,-

44 471 181 540 symbolos
191 475 309 540 proponi,
320 486 345 523 et
354 475 418 524 saxis
428 473 550 540 proscribi
561 487 645 523 curat:
667 474 742 542 Quae
752 491 808 532 voe,

44 541 144 602 Iones,
164 539 300 592 dementia
319 539 415 591 tenet?
444 541 517 609 quod
529 540 647 610 facinus
665 541 809 612 agitatis?

43 605 144 656 bellum
154 605 324 675 inferrcolim
331 607 514 658 conditoribus
525 609 630 667 vestris,
641 610 812 675 superetiom

42 672 204 734 vindicibus,
223 673 377 744 cogitatis?
398 675 514 725 Anides
524 676 630 728 moenia
640 685 730 726 vestra
744 693 810 726 con·

43 740 173 803 didimus,
194 750 225 790 ut
236 752 332 804 essent,
352 742 401 812 qui
418 751 513 792 nostra
533 742 675 792 delerent?
694 743 766 811 quid,
785 744 809 793 si

40 826 97 859 non
107 807 175 860 lsoec
185 817 213 857 ct
222 809 311 860 Dario
327 813 414 877 prius,
430 818 464 858 et
473 825 544 858 nunc
555 809 650 870 Xerxi,
671 808 736 859 belli
745 826 807 860 cou-

42 892 79 925 ea
90 874 227 926 nobiscum
234 875 315 938 foret,
336 876 409 945 quod
418 893 468 926 vos
483 874 648 926 rebellantes
657 893 711 928 nors
721 878 808 928 desti-

42 943 167 993 tuimus?
190 943 260 1011 Quin
271 958 319 994 voe
328 945 357 994 irs
367 941 432 992 ltoec
441 952 537 992 nostra
548 953 642 995 castra
652 962 685 993 es·
693 946 749 996 ista
759 944 808 995 ob-

43 1011 153 1060 sidione
163 1010 314 1060 transitis?
337 1011 394 1060 Aut
404 1009 429 1058 si
440 1009 490 1059 hoc
497 1026 596 1077 parum
606 1020 694 1061 tutum
704 1021 755 1072 est,
776 1021 810 1061 at

43 1095 94 1129 vos
105 1079 245 1128 commisso
252 1075 359 1142 proelio
370 1078 408 1126 ita
417 1078 522 1138 cessim,
542 1077 660 1127 inhibete
670 1081 760 1138 remis,
781 1087 807 1128 et

40 1143 142 1197 abella
163 1144 305 1195 discedite.
339 1143 407 1194 Ante
423 1146 524 1194 navalis
541 1145 633 1211 proelii
653 1149 806 1212 congressio-

41 1229 104 1262 nem
114 1211 222 1262 miserat
232 1211 327 1261 Xerxes
337 1223 446 1276 quatuor
465 1212 548 1261 millia
562 1224 719 1263 armatorum
739 1212 807 1262 ner-

40 1280 123 1347 phcs,
144 1279 177 1328 asi
188 1280 317 1345 templum
336 1277 468 1344 Apollinis
484 1277 674 1345 diripiendum:
692 1296 807 1347 prorsus,

41 1347 117 1410 quasi
128 1365 181 1395 non
192 1363 251 1395 cum
272 1346 377 1397 Graecis
397 1358 513 1406 mortim,
532 1344 578 1394 sed
593 1357 689 1395 etcum
699 1346 748 1395 diis
759 1349 807 1395 im·

41 1414 207 1473 mortalibus,
228 1412 328 1464 bellum
341 1425 453 1477 gereret:
473 1427 538 1477 quae
557 1427 649 1460 manns
659 1422 709 1462 tota
720 1411 807 1461 imbri-
823 1430 826 1437 ·

40 1481 93 1531 bus
110 1493 136 1531 et
155 1480 305 1531 fulminibus
324 1479 407 1530 deleta
428 1490 473 1538 est,
495 1490 525 1533 ut
544 1478 710 1544 intelligeret,
730 1495 808 1545 qnam

41 1550 133 1600 nullae
141 1560 225 1599 essent
236 1544 502 1611 hominrrmadiersus
512 1543 575 1595 deos
586 1547 662 1595 vires.
674 1544 735 1597 Post
745 1547 808 1597 lsaec

42 1617 181 1683 Thespias,
202 1628 227 1665 et
243 1617 364 1675 Plataeae,
384 1625 408 1665 et
427 1612 540 1663 Athenas
553 1630 644 1663 vacuas
656 1613 807 1665 hominibus

40 1684 174 1745 incendit3
197 1695 221 1731 et
232 1684 354 1748 quoniam
365 1681 432 1729 ferro
450 1682 477 1729 in
496 1680 615 1730 homines
625 1698 677 1731 non
697 1694 805 1749 poterat,

40 1755 72 1800 in
83 1750 195 1800 aedificia
207 1753 268 1815 igne
279 1762 415 1817 grassatur.
440 1748 559 1813 Namque
569 1747 738 1799 Athenienses
749 1762 807 1815 post

39 1834 161 1886 pugnam
181 1816 390 1872 Marathoniam,
420 1828 604 1881 praemonente
623 1815 804 1879 Themistocle,
889 1867 893 1873 ,

39 1888 178 1937 victoriam
189 1886 262 1935 illam
274 1883 305 1932 de
315 1882 397 1931 Persis
417 1900 471 1931 non
481 1884 569 1944 finem,
579 1879 626 1932 sed
638 1900 740 1933 cauum
750 1901 805 1933 ma·

38 1955 103 2005 ioris
115 1952 175 2002 belli
191 1952 258 2011 sore,
282 1967 312 2000 cc
327 1966 404 1999 naves
420 1950 614 1999 fabricaverant.
642 1948 806 2008 Adventante

39 2023 125 2088 igitur
141 2018 238 2085 Xerxe,
254 2017 447 2068 consulentibus
466 2016 578 2083 Delphis
598 2022 740 2078 oraculum,
759 2034 805 2067 re-

38 2104 167 2155 sponsum
178 2086 278 2137 'sueratr
298 2085 417 2135 Salutem
433 2085 517 2135 muris
532 2084 553 2133 li
575 2086 633 2134 neis
653 2092 802 2137 tuerentur.

38 2154 235 2207 Themistocles
246 2154 353 2204 navium
369 2150 528 2218 praesidium
563 2163 746 2201 emonstrstum
761 2170 805 2201 ra·

38 2237 92 2283 tus,
112 2220 250 2290 persuadet
269 2221 403 2282 omnibus,
422 2219 551 2271 Patriam
570 2218 719 2283 municipes
738 2235 803 2279 esse,

38 2309 95 2343 non
104 2291 228 2347 moenia·
249 2289 437 2355 civitatemque
446 2304 499 2339 non
514 2286 544 2335 in
558 2282 698 2347 aedificiis,
719 2285 767 2335 sed
776 2286 805 2336 irs

40 2358 281 2427 civibuspoeitam.
316 2356 415 2405 Melius
435 2356 528 2421 itaque
547 2350 664 2426 salutem
682 2352 802 2418 navibus,

41 2444 123 2497 quam
143 2424 213 2483 urbi,
232 2424 425 2475 commissuros.
459 2422 548 2472 Huius
557 2419 707 2470 sententiae
720 2422 804 2472 etiam

41 2498 132 2545 Deum
151 2497 289 2545 auctorem
307 2510 374 2543 esse.
392 2537 397 2543 .
413 2486 524 2539 Probato
542 2486 661 2545 consilio,
681 2490 758 2537 conio
777 2504 803 2537 es

42 2564 200 2628 liberosque,
220 2548 282 2609 essm
296 2558 483 2627 pretiosissimis
498 2555 583 2618 rebus,
603 2551 695 2605 abditis
705 2506 802 2614 insulis

42 2632 132 2683 relicta
141 2628 217 2693 urbe,
240 2627 406 2680 demandant:
426 2625 474 2692 ipsi
484 2638 562 2675 nares
581 2621 673 2671 oman
682 2634 825 2708 eomes-¹,
