2075 3000
108 219 113 223 ’
198 211 494 268 HISTORIARVM
516 212 680 270 ulum.
763 211 818 282 261

51 317 178 368 restatur:
195 333 256 366 uam
268 314 389 385 Scythico
399 334 519 370 sermone
538 317 643 370 Parthi
661 318 761 369 exsules
772 311 818 369 ‹u'a
898 356 901 361 >

50 396 161 435 cuntur.
192 383 227 434 Hi
237 395 263 448 et
271 385 437 452 Assyriorum
459 397 484 434 et
502 386 644 449 Medorum
652 385 819 453 temporibus,

50 446 123 502 intes
144 449 259 500 Orientis
282 454 392 520 populos
417 451 592 504 obscurissimi
617 455 699 505 fuere.
728 453 819 504 Postea

51 535 161 585 quoqne
182 524 242 568 cum
254 520 405 587 ¹imperium
426 518 542 572 Orientis
556 537 571 569 a
591 521 678 573 Medis
688 518 720 573 sd
730 521 819 570 Persas

46 587 207 636 translatum
227 597 273 651 est,
294 588 374 637 veluti
393 589 488 654 vulgus
507 589 563 637 sine
581 592 702 648 nomine,
724 587 819 655 praeda

46 653 275 704 victorumfuere.
305 655 439 705 Postremo
453 653 648 716 Macedonibus,
669 655 819 722 triumphs-

47 733 79 772 ιο
101 717 217 782 Oriente,
238 723 402 772 servierunt:
422 733 451 772 nt
470 723 553 774 cuivis
572 725 672 772 mirum
689 722 817 784 videatur,

46 786 196 839 ad‘tantam
211 805 253 838 eos
263 789 411 838 felicitatem
421 800 564 855 provectos,
575 792 743 856 ut'imperent
753 807 818 856 gen·
875 845 879 848 ,
922 790 926 800 “

46 855 131 915 tibus,
152 854 199 904 sub
222 872 333 920 quatum
352 857 477 922 imperio,
497 858 579 906 veluti
598 857 691 906 servile
710 860 816 922 vulgus,
858 915 864 922 Ι

45 923 135 973 suere.
165 920 190 969 A
209 923 329 973 Romanis
350 939 460 988 quoque,
479 924 553 973 trinis
572 923 656 987 hellis,
673 942 723 1004 per
732 927 815 974 maxi·

45 1005 110 1040 mos
121 988 207 1049 eluces,
226 991 411 1040 florentissimis
422 991 582 1056 temporibus
591 992 709 1051 lacessiti,
726 994 774 1042 soli
785 1008 817 1042 ex
836 1018 841 1028 «

47 1055 175 1113 omnihus
196 1057 316 1122 gentihus
336 1075 389 1106 non
411 1073 485 1124 pares
506 1058 607 1117 solum,
626 1075 720 1108 vertam
739 1061 816 1109 etiam

47 1125 161 1175 victores
173 1125 245 1172 suere
256 1142 263 1174 t
274 1123 442 1190 'qttamquam
451 1124 511 1190 plus
523 1125 619 1189 gloriae
629 1126 671 1183 sit,
687 1125 756 1175 inter
765 1125 817 1178 As·

46 1193 118 1260 syria
130 1201 155 1238 et
166 1189 267 1242 Medica
278 1189 437 1256 Persicaque,
457 1202 599 1240 memorata
610 1192 674 1241 olisn
683 1209 773 1257 regna,
790 1204 815 1242 et

48 1259 284 1326 npudentissimum
294 1259 368 1308 mille
379 1257 482 1306 urbium
488 1257 653 1309 Bactrianum
665 1261 814 1326 imperium,

48 1341 185 1390 emergere
205 1326 335 1392 potuisse,
366 1341 444 1390 quam
462 1325 603 1392 longinqua
621 1324 690 1376 helia
712 1329 813 1393 vicisse;
861 1332 863 1338 '

39 1401 179 1460 'praeterea
191 1409 250 1442 curn
261 1391 383 1456 gravibus
394 1389 528 1459 Scythicis,
549 1403 575 1440 et
588 1390 741 1442 vicinalibus
752 1395 813 1444 hel-

46 1463 83 1511 lis
104 1460 206 1510 assidue
222 1459 315 1521 vexati,
336 1459 412 1510 striis
430 1459 609 1525 periculorum
628 1461 814 1512 certaminibus

47 1528 216 1593 urgerentur.
236 1524 270 1576 Hi
282 1526 426 1577 domesticis
438 1526 606 1577 seditionibus
619 1527 724 1595 Scythia
734 1530 814 1595 pulsi,

45 1594 203 1645 solitudines
213 1596 282 1643 inter
296 1594 461 1663 Hyrcaniam,
482 1606 506 1643 et
525 1594 623 1656 Dahas,
644 1606 669 1644 et
682 1594 766 1659 Arios,
788 1609 814 1647 et

45 1662 199 1729 Spartanos,
222 1673 247 1711 et
265 1660 420 1729 Margianos,
441 1661 531 1710 furtim
541 1678 706 1727 occupavere.
734 1662 814 1714 Pina
898 1681 907 1686 ’

45 1726 153 1788 deinde,
172 1746 224 1779 non
240 1727 456 1779 intercedentibus
475 1728 562 1795 primo
581 1729 705 1791 finitimis,
725 1739 815 1797 postea

46 1798 127 1847 etiarn
137 1796 339 1862 prohibentibus,
351 1798 378 1845 in
391 1798 642 1863 tantumprotulere,
661 1811 752 1849 utnon
763 1800 814 1848 im·

46 1877 141 1913 mensa
151 1874 253 1913 tantum
264 1879 292 1913 ac
300 1864 429 1931 profunda
445 1879 605 1929 camporum,
625 1881 718 1916 uenam
736 1868 816 1915 etiam

46 1940 187 1999 praerupta
198 1930 312 1991 collium,
331 1932 513 1995 montiumque
532 1932 612 1983 ardua
626 1934 813 1997 occupaverint.

47 2000 92 2049 Ex
103 2014 155 2061 quo
166 1998 204 2057 fit,
224 1996 393 2047 ut'Parthiae
412 1999 536 2065 pleraque
555 2000 647 2047 finium
666 2008 711 2047 aut
720 2011 814 2057 aestus,

47 2076 95 2115 attt
104 2065 208 2127 frigoris
218 2062 373 2127 magnitudo
391 2062 534 2129 possideat:
555 2064 650 2131 quippe
661 2078 722 2114 cum
731 2081 813 2117 mon-

47 2143 88 2181 tes
98 2131 157 2188 nix,
179 2139 203 2178 et
214 2146 271 2178 cam
290 2144 318 2177 os
328 2140 423 2190 aestus,
443 2129 554 2180 infestet.
715 2150 718 2155 ·

122 2193 195 2245 Cur.
205 2194 241 2245 ΙΙ.
285 2193 465 2245 dministratio.
476 2196 558 2261 gentis
572 2207 630 2263 post
640 2196 814 2250 deiectionem

50 2262 217 2315 Macedonici
229 2263 332 2328 imperii
341 2262 389 2311 sub
404 2261 508 2329 regibus
518 2264 577 2315 suit.
606 2260 743 2316 Proximus
753 2284 814 2317 ma-

50 2331 136 2381 iestati
148 2346 242 2397 regum
260 2332 420 2397 populorum
438 2327 502 2378 ordo
513 2342 569 2383 ests
592 2346 623 2382 ex
639 2332 689 2382 hoc
698 2330 775 2384 duces
786 2333 814 2383 in
859 2338 862 2341 ’

38 2398 133 2460 bello,
154 2414 187 2448 ex
206 2397 255 2447 hoc
264 2408 374 2447 rectores
399 2398 427 2447 in
446 2398 642 2463 pace„habent.
672 2397 764 2451 Sermo
773 2400 813 2449 bis

51 2468 120 2516 inter
131 2464 283 2533 Scythidum
293 2462 476 2531 Medicumque
487 2466 608 2529 medius,
618 2478 685 2517 etex
695 2469 812 2533 utrisque

48 2534 155 2583 mixtus.
176 2531 261 2584 Vestis
272 2532 337 2582 olim
346 2534 385 2583 sui
395 2532 476 2583 moris
486 2551 491 2583 :
511 2545 676 2601 posteaquam
687 2551 812 2586 accessere

48 2616 119 2667 opes,
139 2612 169 2649 ut
181 2599 276 2659 Medis,
296 2599 468 2666 perlucidaac
487 2602 576 2652 ssuids.
604 2600 811 2670 ¹Armornmps·

51 2670 83 2701 su:

87 2685 115 2705 m
126 2684 154 2707 uss·
165 2664 300 2711 Seurbimss
311 2684 367 2705 mn·
407 2666 556 2713 Rvusaittssrs
567 2687 618 2715 nors
629 2682 658 2711 ut
669 2672 732 2711 sliu
744 2682 813 2723 ‹nv-g
835 2697 842 2703 ·

53 2710 71 2727 u
164 2708 198 2725 MV
219 2710 301 2727 ΗΗῚΚΝ
310 2712 320 2725 l
341 2710 378 2727 V'·
407 2712 471 2727 ΗἈῊΔ
477 2716 557 2729 §ntum
568 2718 619 2728 uhu
632 2718 659 2728 n·
668 2717 731 2731 unjssb
763 2716 773 2729 ὶ-

22 2816 25 2826 A
50 2750 89 2797 t'es
100 2744 251 2811 liberortun,
271 2744 318 2795 sed
326 2746 452 2797 maiorem
471 2758 573 2816 portent
582 2719 809 2808 servitiorumbs-
