2075 3000
602 1 627 38 Ι

221 179 515 248 ulsrouttuvu
530 177 603 232 LIB.
617 175 654 228 tt
781 173 816 230 35

64 299 99 355 de
110 301 153 356 dic
161 301 314 370 proterendo
322 304 431 368 spatium
443 294 647 350 consummando
658 293 728 359 operi
734 307 817 406 puae·

64 372 152 423 reltat:
172 388 231 420 cum
243 373 347 421 interim
361 371 489 417 nuntiatur
500 365 636 432 Spartanis,
655 373 719 426 opus
759 359 818 408 the·

65 441 106 490 nis
113 442 231 488 maturari
240 460 248 503 ;
265 434 449 504 propterquod
460 433 545 483 denuo
555 434 652 496 legator
663 429 768 476 mittunt
784 423 818 474 ad

64 507 246 574 inspiciendam
263 521 333 556 rem,
364 503 434 552 Tum
451 501 636 550 Themistocles
651 512 698 563 per
714 507 816 549 serrum

63 575 249 640 magistratibus
268 572 354 622 scribit
370 567 576 628 Atheniensium,
597 562 705 632 legatos
727 554 816 611 vinci-

63 637 272 755 antpignuspue
278 636 399 699 teneant,
411 653 445 686 rte
458 633 486 684 in
491 627 640 748 εεῖανίιιε
647 626 815 679 consulatur.

64 707 135 760 Adiit
156 708 216 758 dein
235 725 249 755 e
268 707 420 755 concionem
445 703 510 754 Lace
545 699 719 748 emoniorumz
746 691 816 742 indi-

62 779 109 826 cat,
127 768 297 832 permunita-r
314 759 440 805 Athenas
455 769 522 812 esse,
542 760 570 800 et
584 767 667 818 posse
686 769 742 805 ram
761 753 819 800 alta·

62 843 120 884 tum
128 829 226 888 bellum
236 843 291 876 non
301 822 386 874 armis
395 829 511 878 tantum,
529 819 669 869 sedetiam
678 817 762 868 muris
771 834 820 868 au-

62 889 186 952 rtittere!
200 895 226 944 si
244 892 310 959 quid
328 887 360 941 ob
380 905 439 938 eom
452 904 507 936 rem
522 886 556 935 de
571 903 601 936 se
611 883 748 936 crudelius
761 893 819 956 stp-

63 973 184 1026 tuerent,
204 963 313 1030 legatos
323 972 414 1007 eorum
424 955 452 1004 iu
463 954 513 1004 hcc
531 955 636 1022 pignus
644 951 763 1003 Athenis
780 969 821 1000 re-

63 1041 163 1084 tentos·
200 1025 317 1080 Graviter
329 1022 422 1073 deinde
435 1023 541 1086 castigat
550 1037 607 1078 eos,
627 1018 700 1088 quod
708 1035 762 1068 non
770 1018 819 1068 vir-

62 1109 130 1161 tute,
141 1095 190 1150 sed
199 1091 381 1146 imbecillitate
393 1091 532 1148 sociorum,
542 1086 696 1152 potentiam
707 1101 822 1154 quaere-

62 1176 133 1218 rent.
170 1163 211 1212 Sic
221 1160 347 1216 dimissus,
368 1157 448 1206 veluti
468 1153 633 1218 triumphatis
649 1153 790 1220 Spartanis,
808 1169 823 1199 a

40 1273 45 1282 .
63 1234 162 1298 civibus
173 1230 308 1295 excipitur,
335 1221 397 1272 Post
415 1222 478 1270 haec
500 1217 627 1286 Spartani,
650 1235 683 1268 ue
694 1221 759 1269 vires
770 1220 824 1266 otio

63 1309 267 1364 corrumperent,
288 1303 312 1341 et
322 1291 397 1341 uthis
406 1286 507 1338 illatum
517 1303 531 1334 a
542 1286 625 1335 Persis
635 1285 756 1334 Graeciae
768 1283 824 1330 bel-

8 1391 10 1410 *
65 1373 119 1420 lum
139 1367 332 1417 ulciscerentur,
351 1357 491 1405 ultr-olines
511 1368 602 1401 eorum
623 1351 822 1416 depopulantur.

7 1441 17 1454 “
63 1435 167 1485 Ducem
179 1447 225 1480 suo
236 1429 415 1487 sociorumque
435 1419 555 1470 exercitui
576 1415 693 1480 deligunt
704 1416 825 1464 Pausani-

65 1520 117 1553 am.
151 1500 220 1565 Qui,
242 1512 289 1563 pro
304 1491 404 1541 ducatu
424 1502 538 1551 regnum
558 1483 679 1535 Graeciae
697 1483 825 1539 affectans,
854 1517 859 1529 ,

65 1568 219 1639 proditionis
238 1562 381 1629 praemium
401 1572 462 1603 cum
476 1551 561 1601 Xerxe
576 1550 678 1616 nuptias
689 1550 756 1599 ntiae
769 1550 825 1600 eius

66 1638 208 1703 paciscitur,
228 1626 334 1678 redditis
345 1622 459 1689 captivit,
478 1632 507 1669 ut
526 1618 589 1668 fides
603 1618 670 1682 regis
681 1618 766 1681 aliquo
776 1615 824 1664 be-

67 1702 157 1753 neticio
168 1698 379 1761 obstringeretur.
402 1689 497 1737 Scribit
506 1697 635 1751 praeterea
645 1682 732 1745 Xerxi,
741 1700 824 1749 quos-

67 1786 166 1835 cunque
183 1766 221 1815 ad
236 1760 392 1828 renunties.
404 1754 527 1814 misisset,
547 1749 718 1816 interficeret,
736 1766 824 1800 neres
881 1797 885 1801 .

65 1835 235 1907 loquacitate
254 1824 388 1879 ltomrnum'
402 1822 575 1889 proderetur.
611 1817 664 1867 Sed
679 1815 838 1873 tundite.

64 1906 196 1955 niensium
214 1895 345 1955 Aristides,
367 1892 427 1939 belli
447 1890 540 1946 socius,
560 1889 674 1949 collegae
690 1884 823 1950 conatibus
892 1894 897 1903 ·

65 1964 275 2025 obtimendo,
295 1960 372 2013 simul
393 1969 418 2006 et
433 1958 460 2009 in
475 1971 530 2003 rem
546 1955 673 2019 sapienter
688 1952 825 2001 consulen-

64 2039 108 2101 do,
131 2034 284 2103 proditionis
303 2027 411 2076 consilia
432 2022 559 2071 discussit.
598 2019 653 2068 Nec
668 2019 752 2067 multo
767 2027 824 2083 post

64 2114 196 2157 accusatus
216 2098 351 2148 Pausanias
371 2092 513 2141 damnatur.
542 2087 625 2151 Igitur
633 2083 742 2141 Xerxen
763 2099 824 2131 cum

83 2169 220 2221 reditionis
246 2164 336 2214 dolum
357 2157 517 2226 publicatum
536 2152 650 2213 rideret,
675 2167 706 2199 ex
725 2150 824 2213 integro

63 2192 166 2288 delium
182 2233 298 2281 instituit.
334 2226 425 2279 Graeci
444 2237 545 2287 quoque
561 2218 654 2267 ducem
668 2217 824 2271 constituunt

65 2302 205 2357 Cimonem
222 2298 417 2349 Atheniensem,
437 2292 521 2341 filium
539 2283 670 2344 Miltiadis,
690 2298 742 2346 quo
758 2280 825 2330 duce

63 2370 135 2442 apud
156 2366 337 2434 Marathpnem
356 2371 500 2429 pugnaturn
520 2364 571 2412 est,
595 2354 727 2409 iuuenem,
752 2349 822 2398 cuius
876 2409 882 2417 1

66 2427 275 2505 magnitudinem
285 2433 399 2481 suturam
417 2426 516 2493 pietatis
537 2420 692 2473 documenta
702 2413 824 2482 prodide-

66 2510 144 2557 tutut.x
173 2503 279 2570 Quippe
288 2492 429 2566 patremob
440 2494 537 2540 crimen
547 2488 681 2555 peculatus
694 2486 726 2531 in
735 2497 823 2531 carce-

66 2592 124 2626 rem
143 2574 301 2627 coniectum,
322 2562 407 2628 ibique
427 2559 590 2611 defunctum,
611 2552 736 2601 translatis
751 2550 777 2595 in
797 2561 824 2594 sc

67 2642 178 2695 vinculis
193 2636 226 2688 ad
236 2636 395 2700 sepulturam
414 2623 538 2675 redemit,
564 2620 620 2734 Igec
630 2620 655 2666 in
665 2617 735 2684 bello
749 2609 821 2659 iudi·

476 2698 484 2712 x
604 2698 619 2736 2
