2075 3000
162 333 474 403 ΡιΑιιιΑΤιο
514 307 800 402 rvsr1N1.··

347 507 354 529 ι
570 504 574 513 ,
681 488 685 510 Ι

67 591 154 672 Cum
162 623 242 675 'multi
254 603 424 684 exdomsnis,
444 625 522 672 etiam
532 583 679 674 Consularis
698 619 831 688 diguitatis

68 691 127 751 viri,
149 706 191 738 res
209 691 337 740 Romanas
356 693 455 742 Graeco
466 689 655 756 peregrinaque
665 705 784 738 sermone
803 693 830 740 iu
890 703 896 723 ¹

65 754 202 806 historiam
213 758 394 807 contulissent:
413 761 466 808 sive
478 759 648 807 aemulatione
658 757 763 822 gloriae,
778 758 831 804 sive
912 780 920 797 ι

64 825 188 872 varietate
199 833 223 874 et
232 825 345 872 novitate
355 827 439 890 operis
450 823 600 884 delectatus,
619 825 658 874 vir
667 825 766 889 priscae
775 825 832 871 elu-

64 893 188 954 quentiae
208 887 316 956 Trogus'
329 889 477 958 Pompeius,
499 891 610 941 Graecas
631 903 656 940 et
669 887 747 939 totius
762 888 832 941 orbis

65 955 187 1006 historias
197 954 288 1006 Latino
299 974 419 1022 sermone¹
430 960 589 1025 composuit:
611 968 652 1018 ut,
672 971 734 1006 cum
743 968 831 1006 nostra

4 1071 14 1096 ,Ι
66 1023 176 1085 Graece,
198 1025 296 1075 Graeca
307 1042 410 1090 quoque
426 1037 513 1074 nostra
530 1026 622 1089 lingua
639 1026 692 1089 legi
712 1026 830 1089 possent:

64 1107 174 1156 prorsus
190 1107 246 1140 rem
262 1094 350 1156 magui
363 1105 391 1142 et
408 1093 488 1142 animi
509 1101 538 1140 et
558 1093 672 1158 corporis
686 1106 829 1157 eggressus·

65 1157 136 1206 Nam
155 1175 217 1210 cum
235 1159 365 1224 plerisque
386 1158 541 1216 attctoribus,
560 1160 725 1225 singulorum
735 1173 829 1223 regum

64 1227 108 1272 rel
120 1226 277 1290 populorum
288 1243 328 1274 res
339 1237 420 1292 gestas
431 1225 607 1284 scribentibus,
627 1241 693 1292 opus
703 1242 781 1274 suum
790 1241 831 1273 sr-

64 1291 112 1340 ‹lui
122 1290 219 1339 laboris
235 1291 364 1342 videatur:
384 1310 472 1342 nonne
483 1293 558 1341 nobis
577 1293 716 1358 Pompeius
729 1292 831 1341 Herco-

10 1410 13 1420 ,
66 1356 222 1408 leaaudscia
242 1356 477 1415 orbemtetrarum
496 1374 630 1425 aggressus
650 1356 830 1415 videridebet,

64 1425 139 1473 cuius
154 1425 226 1473 libris
246 1427 364 1474 omnium
383 1432 544 1484 seculorum,
564 1441 665 1487 regum,
685 1425 828 1477 nationum.

63 1493 273 1557 populorumque
294 1508 333 1541 res
353 1504 438 1557 gestae
457 1489 640 1541 continentur?
660 1489 769 1554 thuae
783 1485 830 1537 hi'-

62 1560 148 1607 storici
159 1560 326 1619 Graecorum,
341 1572 419 1625 prout
429 1555 598 1607 commodum
608 1559 701 1622 cuique
710 1556 767 1615 suit,
784 1558 830 1604 iu-

62 1637 103 1675 ter
123 1640 151 1675 se
175 1626 300 1690 'segregati
353 1634 524 1689 occuparunt,
554 1623 655 1672 omissis
679 1640 745 1689 quse
770 1624 828 1672 sine

63 1690 149 1739 fructu
159 1703 238 1752 erant,
258 1708 287 1741 ea
297 1694 384 1741 omnia
405 1690 542 1757 Pompeius
561 1690 649 1740 divisa
659 1689 826 1755 temporibus,

37 1777 42 1786 ¹
64 1768 91 1804 et
101 1760 170 1806 serie·
175 1774 267 1807 rerum
273 1758 370 1825 digesta
380 1759 531 1821 composuit.
558 1756 659 1808 Horum
669 1760 750 1823 igitur
761 1773 825 1819 qua·
834 1791 842 1799 -

64 1835 123 1872 tuor
133 1836 158 1872 et
169 1822 335 1903 qrtadrngints
347 1825 512 1873 voluminum
528 1825 602 1884 (nam
612 1821 726 1875 totidem
732 1820 825 1888 edidit)
838 1847 840 1850 ·

61 1907 110 1956 pcr
119 1890 211 1949 stium,
225 1908 276 1954 quo
287 1908 313 1939 m
324 1890 577 1949 Vrbeversabsmur,
588 1892 735 1955 cognitione
742 1906 825 1955 quae-
902 1905 904 1908 ·
922 1909 927 1922 ¹

61 1974 119 2023 que·
137 1956 288 2023 dignissima
310 1958 436 2023 excerpsi3
460 1968 485 2005 et
503 1959 602 2006 omissis
621 1956 671 2019 his,
690 1972 757 2022 quae
775 1972 824 2005 nec

58 2023 233 2089 cognoscendi
252 2024 382 2090 voluptate
402 2022 522 2083 iucunde,
542 2042 590 2073 nec
612 2026 731 2091 exemplo
751 2034 836 2077 erant.
881 2079 884 2084 ἱ

57 2092 211 2153 necessarIa,
229 2090 306 2140 breve
317 2092 395 2141 veluti
407 2093 500 2140 florum
518 2092 701 2157 corpusculum
710 2090 774 2139 feci:
794 2099 824 2138 ut

58 2157 187 2207 baberent
207 2170 232 2205 et
245 2160 288 2223 qui
299 2158 395 2208 Graeco
407 2157 571 2218 didicissent,
591 2175 643 2222 quo
652 2156 822 2205 admoneren-

4 2278 5 2281 ,
56 2236 114 2283 tur,
137 2226 216 2288 etqui
228 2242 281 2273 non
292 2224 449 2284 didicissent,
460 2242 511 2290 quo
522 2226 719 2275 instruerentur.
741 2220 822 2286 Quod

56 2290 92 2341 sd
102 2304 138 2350 te,
158 2308 211 2339 non
223 2304 275 2341 tam
286 2292 471 2357 cognoscendi,
493 2309 571 2355 quam
582 2288 736 2339 emendandi
746 2305 820 2338 csusa

57 2359 199 2408 transmisi:
220 2360 300 2407 simul
308 2370 337 2407 ut
346 2372 372 2409 et
382 2360 428 2409 otii
438 2359 499 2421 mei,
514 2359 620 2405 euiuset
630 2355 694 2407 Cato
703 2354 821 2405 reddetr-

57 2423 235 2491 damoperam
245 2437 326 2491 putat,
346 2422 418 2493 apud'
430 2437 454 2475 tc
469 2422 537 2474 rat-io
551 2434 685 2474 constaret.
717 2423 820 2474 Sufficit
848 2470 855 2484 ,

57 2494 130 2543 euim
141 2491 207 2542 milri
218 2494 244 2541 in
255 2492 429 2559 lsoctempore
441 2492 568 2543 iudicium
577 2502 664 2551 tuum,
682 2489 752 2557 apud
772 2508 819 2556 po·

56 2570 154 2619 steros,
175 2574 236 2610 cum
252 2559 443 2611 obtrectationis
458 2556 556 2611 invidia
575 2556 723 2622 decesserit,
741 2558 819 2607 indu·

33 2628 133 2676 :suine
144 2626 325 2678 testimouium·
340 2626 470 2677 hebituro.
622 2629 633 2632 ’

334 2735 542 2753 m

69 2780 364 2915 Woltrolllllsc

582 2744 644 2830 us
