2075 3000
156 173 168 227 ς
217 171 515 244 meno-asennaa
533 150 615 230 nus.
635 179 685 234 vr.
713 233 717 240 ,
799 187 835 244 ⁶1

76 291 146 339 tem,
166 293 251 343 tegens
272 290 333 328 tnnc
350 277 637 342 Lacedaemoniorum,
665 295 772 349 propter
790 299 836 332 ee·

65 342 198 411 'sponsum
219 345 313 396 oraculi
337 345 471 411 Delphici,
498 347 543 396 din
565 348 777 411 Lacedaemonii,
803 366 836 400 att

63 429 135 464 ‚enm
145 409 262 462 summae
273 414 308 460 rei
319 425 514 478 praeponerent,
523 412 754 464 deliberaverunt:
773 418 836 482 qni·

73 477 122 528 bus
132 479 236 534 futurus
245 481 348 544 imperii
360 481 415 528 finis
436 479 643 541 denuntiabatur,
662 500 723 532 enm
733 487 836 548 regium

73 545 238 596 claudicasset
253 548 407 613 imperium,
429 558 481 596 erat
492 550 561 596 enim
571 550 638 613 pede
648 549 765 621 elqndus.
793 549 834 600 Ad

4 625 5 630 ’
69 626 233 681 postremum
254 624 408 671 statuerunt,
428 615 523 664 melius
541 632 596 664 esse
615 619 716 670 incessu
735 632 833 680 regem,
913 628 917 634 ‘

72 698 151 746 quam
162 678 270 746 imperio
281 697 393 744 regnum
404 681 557 732 claudicare.
586 683 754 748 Posteaquam
763 684 834 748 Age-

68 750 238 802 silanmcum
258 749 407 813 ingentibus
426 750 543 814 copiisin
562 747 651 809 Asiam
661 752 761 810 misere,
778 767 831 800 non

69 816 147 866 facile
159 813 278 876 dixerim,
295 815 364 879 quod
375 813 446 863 aliud
456 832 501 881 par
511 815 672 866 dncnmtam
680 817 747 867 bene
758 834 833 868 com-

68 893 190 950 paratum
200 882 291 932 suerit:
313 883 408 948 quippe
419 895 493 944 aetas,
513 886 612 950 virtus,¹
624 886 769 946 consilinm,
788 903 832 938 sa-

66 950 166 1018 pientia
177 951 281 1014 utrique
300 967 380 1016 prope
392 967 450 1012 tana,
463 953 554 1014 gloria
569 969 671 1017 quoque
682 969 771 1002 rerum
781 948 829 1019 ‘ge-

67 1030 168 1068 starum
180 1015 282 1066 eademi
302 1017 464 1082 quibuscum
485 1020 556 1082 paris
566 1023 652 1071 omnia
672 1020 775 1070 fortuna
786 1021 831 1070 de·

67 1085 146 1144 derit,
167 1085 390 1134 invictumtamen
410 1084 441 1134 ab
461 1088 541 1134 altero
562 1099 702 1151 utrumque
711 1089 831 1138 servavit.

66 1145 183 1216 Magnus
194 1152 275 1214 igitur
285 1151 428 1212 amborum.
435 1166 569 1218 apparatus
579 1153 650 1211 belli,
670 1171 779 1220 magnae
789 1171 831 1202 ses

65 1230 155 1286 gestae
166 1219 279 1266 luerunt.
312 1217 365 1268 Sed
376 1217 510 1268 Cononem
531 1218 622 1270 seditio
631 1222 746 1270 militum
754 1224 830 1270 inva-

65 1287 106 1336 dit
116 1321 128 1344 ,
156 1303 221 1350 qnos
242 1286 361 1351 praefecti
381 1288 450 1351 regis
474 1285 741 1353 fraudare-stipendio
761 1286 834 1338 soliti

66 1366 157 1416 erant5
179 1369 209 1402 eo
219 1352 353 1402 instantius
369 1350 453 1402 debita
473 1355 644 1418 poscentibus,
663 1370 715 1418 qno
729 1356 832 1420 gravio·

65 1437 125 1472 rem
136 1418 185 1470 sub
196 1436 290 1483 magno
303 1418 368 1468 duce
379 1419 717 1484 militiampraesnmebant.
740 1423 833 1485 ltaque
847 1477 850 1481 1

67 1487 178 1547 Conon,
199 1487 245 1538 diu
266 1504 394 1551 segegar
414 1487 533 1551 epistolas
552 1486 645 1535 sensns
663 1486 781 1552 fatigato,
801 1484 834 1536 ad

66 1570 234 1625 postremum
251 1555 305 1619 ipse
326 1553 358 1602 ad
378 1570 439 1601 eum
458 1555 555 1619 pengit3
573 1572 589 1603 a
608 1555 679 1603 cuius
695 1567 798 1620 aspectu
809 1565 834 1603 et

65 1622 200 1688 colloquio
220 1620 363 1687 prohibitus
383 1632 430 1681 est,
451 1620 594 1685 quodcum
613 1639 686 1671 more
695 1621 833 1675 Persarum
875 1629 879 1638 ¹

66 1692 177 1743 adorare
188 1690 281 1745 nollet3
293 1687 442 1753 agittamen
450 1704 509 1737 cnm
521 1706 551 1737 eo
558 1706 604 1754 per
615 1692 796 1751 internuntios,
807 1700 833 1740 et

67 1760 200 1825 queritur,
213 1754 414 1822 opulentissimi
420 1757 496 1823 regis
504 1755 675 1823 belluinopia
682 1755 769 1807 dilabi
774 1778 787 1818 ,·
797 1765 844 1821 et„

67 1828 117 1896 qui
126 1825 275 1875 exercitum
281 1839 380 1889 parem
386 1822 508 1876 hostibus
516 1819 624 1882 habeat,
632 1825 749 1890 pecnnia
754 1824 834 1883 vinci,

63 1910 124 1964 ,qna
140 1898 275 1959 praestet,
294 1888 500 1957 inferioremque
517 1908 619 1942 eumen
633 1901 718 1957 parte
733 1892 835 1942 virium

69 1961 192 2017 inveniri
198 1992 205 2018 ,
225 1974 279 2023 qna
299 1958 381 2026 longe
400 1960 524 2025 superior
542 1961 589 2016 sit,
629 1959 758 2021 Postulat,
779 1957 835 2007 dari

69 2030 120 2079 sibi
130 2028 284 2077 ministrum
301 2026 441 2089 impensae,
463 2028 523 2091 quia
534 2024 651 2091 pluribus
671 2026 698 2074 id
713 2024 836 2078 mandate

68 2095 248 2164 perniciosum
267 2094 307 2141 sit.
336 2092 403 2141 Dato
412 2090 548 2158 stipendio,
564 2090 596 2140 ad
608 2092 714 2152 classem
723 2094 836 2141 remitti·-
897 2135 903 2142 .
920 2140 923 2147 ,

68 2176 126 2215 tur:
146 2176 197 2221 nec
216 2174 316 2207 moram
331 2154 533 2225 *agesstlissebns
544 2160 615 2221 saeit5
635 2158 718 2207 multa
729 2159 834 2219 fortiter,

70 2226 159 2291 multa,
168 2227 279 2277 feliciter
289 2228 353 2291 agit:
372 2242 447 2291 agros
467 2226 572 2276 hostiles
591 2236 682 2273 vastat:
701 2223 777 2273 nrbes
788 2241 834 2275 ex-

70 2306 186 2363 pugnat:
206 2303 239 2349 et,
260 2294 330 2356 quasi
345 2304 483 2358 tempestas
502 2290 643 2356 quaedam,
663 2303 754 2340 enimes
774 2308 837 2358 pross

40 2412 44 2425 ,
69 2367 171 2415 sternit.-
191 2358 387 2424 Quibus-rebus
408 2361 488 2409 territi
508 2356 716 2416 Lacedaemonii,
736 2358 770 2407 ad
782 2377 832 2424 pa-

69 2434 130 2483 triae
141 2425 291 2481 subsidium
302 2424 476 2495 revocandum
495 2427 527 2475 ab
539 2424 600 2476 Asia
610 2424 762 2493 Agesilaum
780 2424 831 2475 de-

69 2506 188 2549 cernunt.
769 2521 775 2530 ι

138 2560 217 2615 Cer.
227 2562 276 2614 ΙΙΙ.
297 2562 403 2613 Interim
423 2558 572 2622 Pisandrus,
591 2560 623 2611 ab
638 2558 759 2626 Agesilao
770 2576 833 2626 pro-

69 2632 202 2691 ficiscente
213 2629 267 2683 dns
276 2632 372 2699 patriae
382 2630 493 2691 relictus,
504 2630 638 2695 ingentem
647 2626 832 2679 classcmstnn-

424 2732 430 2757 l

878 2261 882 2284 l
