2075 3000
194 112 503 217 nisroutauvu
529 153 609 208 trs.
627 143 702 207 xvu
777 159 832 223 stt

66 254 217 309 remedium
217 252 295 324 fore·
328 254 413 320 lgitur
423 254 568 321 conscripta
578 250 732 307 colonorum
743 274 832 319 mansu.
905 257 908 261 ’
984 299 986 307 .
1029 262 1031 269 ’

76 344 95 377 n
105 324 221 375 Pontum
231 322 320 384 delati,
330 321 422 371 urbem
431 323 582 373 Heracleam
593 314 774 375 condideru'nt.
800 328 832 377 Et

65 395 195 458 quoniam
205 392 320 442 latorum
335 389 452 455 suspiciis
472 391 500 439 in
519 406 561 439 ess
576 389 649 441 sedes
665 390 741 441 delati
752 406 845 457 eraut,

63 460 144 509 breti
156 472 271 525 tempore
286 460 401 523 magna!
409 474 470 523 opes
486 471 616 523 paravere·
646 456 729 517 Multa
740 458 833 509 deinde

65 526 149 576 huius
169 526 241 575 urbis
259 523 383 575 adversm
398 524 525 573 >finitimos
545 522 622 585 bella,
634 527 735 577 multae
756 528 834 577 etism

65 593 226 646 domesticae
236 590 410 653 dissensionei
424 591 506 641 fuere.
537 591 608 643 Inter
622 603 703 643 cetera
714 594 835 657 maguih·
911 646 914 650 A
944 576 950 585 .

64 677 106 720 ca,
118 662 164 710 sel
171 661 256 727 praeci
277 676 310 709 ue
320 658 389 709 illud
398 658 568 710 memorabile
580 658 638 725 fuit.
665 659 734 712 Cum
746 674 834 711 rerum

63 728 215 795 potirentur
223 678 404 785 Athenienses,
423 727 548 791 uictisque
559 726 653 790 Persis,
675 728 798 778 Graeciae
809 738 834 779 et

62 796 149 845 Asiae
160 794 286 843 tributum
296 795 438 854 intutelam
443 793 530 842 classis
540 791 738 861 descripsissem,
750 798 834 845 omni·
874 816 877 831 ·

62 863 116 913 bus
127 860 220 927 cupide
234 860 267 912 ad
276 860 438 927 praesidium
450 862 541 926 salutis
556 877 617 910 suae
629 850 833 925 conferentibum

62 930 116 979 soli
127 930 303 979 Heraclienses
308 927 370 988 „ob
389 926 530 976 amicitiam
550 944 644 992 regum
660 922 836 993 Persicorum,

61 998 233 1047 collationem
242 994 399 1046 abnuerunt.
427 994 524 1043 Missus
543 994 629 1059 itaque
649 994 834 1047 abAtbenien·

61 1066 139 1115 sibus
149 1062 296 1113 Lamachus
305 1079 367 1111 curu
382 1064 494 1109 exercitu
503 1058 537 1110 ad
547 1060 753 1127 extorquendum
764 1064 841 1129 quod

62 1130 225 1195 negabatur,
249 1129 328 1190 dum,
352 1128 451 1177 relictis
470 1128 499 1177 in
517 1127 592 1177 litore
613 1130 734 1189 nutibus,
759 1147 833 1197 agros

63 1199 274 1255 Heracliensium
285 1198 433 1263 populatur,
452 1196 559 1243 classem
570 1210 631 1243 cum
650 1198 747 1246 maiore
762 1210 834 1263 parte
907 1220 913 1229 ·

65 1269 208 1325 exercitus,
233 1264 367 1329 naufragio
391 1262 542 1328 repentinae
562 1264 718 1329 tempestatis
737 1265 832 1313 amisit.

64 1332 161 1398 ltaque
173 1349 234 1382 cum
243 1348 327 1397 neque
337 1331 402 1379 mari
412 1340 499 1396 posset
509 1328 606 1377 amissis
617 1327 733 1391 navibus,
749 1346 833 1395 neque

63 1412 135 1449 terra
147 1400 266 1459 auderet,
287 1414 347 1446 curn
357 1414 436 1463 parra
445 1412 526 1445 mauu
536 1396 603 1443 iuter
615 1406 658 1443 tot·
664 1396 832 1451 ferocissimas

64 1478 175 1534 gentes,
191 1467 299 1530 reverti,
318 1463 494 1515 Heraclienses
509 1461 687 1535 ,tronestiarsm
705 1460 831 1520 beneficii.
877 1499 881 1506 .

63 1552 149 1601 quam
158 1534 277 1584 ultionis
285 1534 443 1584 occasionem
453 1531 508 1590 rati,
529 1531 666 1580 instructos
677 1532 832 1590 commeati-

63 1603 116 1654 bus
127 1602 280 1666 auxiliisque
290 1599 437 1666 dimittunt:
457 1597 523 1647 bene
535 1614 657 1664 agrorum
668 1613 775 1648 suorum
785 1615 833 1664 po·

86 1670 230 1718 clationem
249 1669 393 1733 impensem
413 1667 600 1730 existimantes,
619 1665 642 1714 si
664 1681 729 1732 quos
745 1663 831 1717 hostes

64 1687 224 1796 babuerunt,
244 1737 339 1784 etnicos
354 1730 538 1782 reddidissent.

137 1801 212 1853 Cle.
221 1799 269 1852 IV.
289 1799 360 1849 Pessi
378 1811 440 1850 sunt
458 1800 529 1848 iuter'
545 1799 659 1866 plurima
674 1799 741 1850 mala
753 1801 832 1850 etiam

65 1870 246 1985 ppraunidem:
266 1867 396 1933 siquidem
405 1884 467 1916 cum
475 1865 549 1933 plebs
560 1878 584 1915 et
594 1883 673 1917 novas
683 1867 790 1928 tabulas,
807 1880 832 1918 et
902 1879 909 1895 “

37 1961 41 1964 ·
84 1937 223 1987 ivisionem
244 1952 367 2001 agrorum
386 1935 509 1999 divitum,
517 1934 681 2000 ,impotenter
690 1935 832 1997 flagitaret,

66 2001 112 2054 diu
123 2021 152 2052 re
164 2005 193 2052 iu
205 2014 295 2053 senatu
317 2013 426 2062 tractata,
447 2018 508 2050 cum
519 2003 602 2050 exitus
611 2004 650 2048 rei
661 2015 713 2048 nou
724 2002 830 2049 inveni·
853 2032 856 2038 ·
934 2001 938 2005 ’

65 2083 154 2134 retur,
174 2082 337 2137 postremum
348 2067 469 2119 adversus
479 2066 584 2134 plebem
599 2066 683 2116 nimio
696 2067 747 2116 otio
757 2066 831 2116 lasei-

67 2141 191 2196 sientem,
214 2138 308 2197 auxilia
330 2155 345 2184 a
363 2133 515 2195 Timotheo,
534 2133 734 2184 'Atheniensium
755 2133 831 2196 ducet

68 2221 129 2256 mox
148 2201 370 2271 abEpaminonda
380 2201 578 2263 Thebanorum,
597 2199 719 2266 petivere.
748 2201 831 2252 Vtri..
908 2209 916 2237 ·.

5 2286 6 2341 ζ
69 2290 118 2338 que
131 2272 295 2338 negantibus,
315 2269 348 2320 ad
358 2267 523 2328 clearchum,
544 2283 623 2334 quem
644 2265 693 2331 ipsi
713 2267 740 2316 in
761 2267 831 2317 exsi-

5 2354 7 2407 2
69 2341 138 2397 lium
151 2339 266 2405 egerant,
276 2337 427 2387 decurrunt.
447 2335 531 2385 Tanta
542 2333 727 2385 calamitatium
738 2351 830 2386 neces.

5 2408 7 2457 ῗ
68 2406 127 2458 sitas
136 2409 196 2468 suit,
214 2418 253 2464 ut,
274 2405 315 2454 cui
325 2406 437 2471 patriam
455 2402 648 2460 interdixerant,
668 2401 729 2452 eum
740 2401 831 2452 adtu-

5 2464 8 2527 ἶ
67 2477 146 2525 telam
156 2473 422 2543 patriaqrevocarent.
457 2468 509 2521 Sed
529 2467 670 2520 Clearchus
687 2470 778 2520 exsilic
789 2470 830 2520 fa-

68 2544 211 2592 cinorosior
225 2538 353 2600 redditus,
373 2542 403 2588 et*
417 2537 605 2588 dissensionem
614 2536 704 2603 populi
714 2539 830 2587 occasio-

5 2608 7 2633 ²
66 2627 130 2661 nem
140 2605 302 2660 invadendae
321 2605 465 2675 tyrannidis
486 2606 641 2666 existimans,
662 2601 748 2669 primo
764 2607 828 2654 teci-
881 2615 885 2619 ’

5 2694 6 2699 ’
67 2689 180 2729 mecum
198 2672 360 2736 Mithridate,
379 2676 475 2725 citium
492 2689 600 2726 sucrum
611 2669 692 2742 hoste,
702 2671 830 2738 colloquio
