2075 3000
176 212 473 272 nrsrouranvu
495 200 574 266 nm.
594 214 655 269 ru.
743 226 798 285 105

34 320 102 371 oilail
111 332 138 371 et
149 322 202 387 ipae
214 320 340 386 gessisset,
359 318 473 369 adunato
487 331 537 368 xxx
553 320 667 370 millium
678 322 797 383 exercitu,

36 389 140 456 Scythis
152 388 250 437 bellum
270 388 371 437 intulit:
391 374 608 450 caesusqoeicum
628 388 799 441 omnibusco-
832 437 836 441 ,

34 455 209 523 ρὶὶε,“,ροειιιι
217 465 315 503 temere
325 453 391 503 illati
400 452 463 501 belli
473 456 544 505 tenti
560 454 678 505 innoxiae
693 457 750 505 luit.

93 523 158 572 Car.
169 521 218 572 111.
238 522 374 570 Haeccom
393 524 510 569 nuntiata
528 522 556 569 in
574 518 676 571 Parthis
687 522 799 572 Alexan·

35 589 84 639 dro
94 602 189 648 essent,
208 589 328 638 simulato
337 601 462 647 moerore,
482 598 586 653 propter
600 587 742 639 Alexandri
752 606 794 653 co·

35 661 199 721 gualonem,
221 658 349 713 ,exercitui
368 672 417 703 suo
436 654 554 704 triduum
573 656 675 704 luctum
696 656 799 707 indixit.

35 724 169 774 Omnibus
180 722 284 785 deinde,
305 724 378 772 velut
395 732 540 788 perpetrato
549 722 628 783 bello,
649 723 762 773 reditum
772 726 799 775 in

33 793 146 857 patriam
167 790 385 857 exspectantibur,
406 790 581 855 coniugesque
598 807 627 839 ac
637 790 730 840 ldveros
740 808 799 843 suos

32 860 188 908 animoiam
208 855 402 923 quodammodo
421 857 663 921 complectentibus,
683 856 716 907 ad
735 874 798 909 cone

30 929 137 975 cionem
148 928 289 974 exercitum
300 934 385 973 vocet:
405 923 453 984 lbi,
472 918 552 976 Nihil
561 934 652 975 actum
663 934 705 975 tot
715 942 799 995 egre-

28 994 89 1063 giis
105 992 232 1060 proelii-t,
252 994 296 1053 ait,
315 989 489 1040 siincolumir
512 992 800 1045 Orientaliebarbcrr'o
874 1016 877 1021 ·

24 1061 225 1130 relinquetur:
241 1063 299 1109 'nec
318 1075 348 1108 ee
368 1071 477 1125 corpur,
501 1060 552 1109 ted
571 1076 688 1129 regnum
705 1062 798 1124 Darii,

24 1130 154 1195 petisse,·
172 1126 422 1195 persequendosque
433 1141 491 1175 eece
500 1142 553 1184 eos,
574 1128 621 1195 qui
630 1145 648 1176 a
658 1145 742 1198 regno
753 1130 799 1179 de-

21 1196 158 1267 fecerint·
193 1194 248 1243 Hac
261 1195 376 1243 oratione
388 1192 460 1241 velut
470 1208 503 1241 cx
513 1194 613 1260 integro
624 1198 734 1245 incitatis
745 1200 799 1247 ani-

27 1266 91 1321 mis,
111 1262 277 1328 Hyrcaniam,
296 1257 453 1327 Mardosque
462 1258 573 1326 subegit.
604 1261 643 1311 lbi
654 1264 676 1313 ei
687 1266 799 1313 occurrit

29 1330 179 1381 ‘Thalestris'
194 1329 252 1377 sive·
266 1326 415 1387 Mioitlraea,
434 1325 599 1377 Amazonum
619 1331 717 1394 regina,
737 1346 798 1379 cum

27 1412 79 1446 ccc
90 1394 255 1457 mulieribus,
274 1410 326 1445 xxv
338 1395 439 1443 dierum
449 1395 516 1442 inter
525 1394 698 1445 infestissimas
709 1409 798 1464 gentes

26 1464 126 1514 itinere
146 1463 278 1524 conlecto,
299 1476 331 1511 cx
348 1474 409 1525 rege
428 1459 522 1510 liberos
544 1464 699 1526 quaesitura:
725 1469 806 1516 cuius*

26 1543 186 1598 conspectus
196 1529 372 1594 adventusque
382 1526 546 1588 admirationi
557 1530 677 1579 omnibus
696 1532 753 1597 luit,
773 1546 798 1582 ct

25 1599 284 1669 propter-,insolitum
296 1597 401 1646 seminis
421 1594 548 1656 habitum,
568 1609 593 1646 et
603 1611 707 1665 propter
718 1616 797 1668 expe·

23 1671 113 1716 titum
123 1665 296 1716 concubitum.
313 1664 356 1713 Ob
365 1661 413 1712 hoe
423 1661 546 1713 tredecim
553 1663 642 1715 dicbus
650 1668 702 1716 otio
712 1686 725 1716 a
736 1683 796 1733 rege

26 1736 116 1793 datis,
136 1743 166 1781 ut
183 1735 235 1782 visa
255 1742 293 1781 est
312 1742 416 1779 uterum
435 1731 562 1796 implesse,
582 1732 705 1785 discescit.
735 1737 796 1785 Post

25 1801 94 1850 haec
107 1797 254 1850 Alexander
263 1798 380 1848 habitum
390 1813 484 1862 regum
496 1797 651 1859 Persarum,
669 1813 693 1852 et
703 1802 794 1853 diade-
836 1841 839 1850 Δ

25 1887 68 1918 ma
82 1867 223 1917 insolitum
236 1877 309 1916 autea
318 1865 422 1931 regibus
433 1863 619 1930 Macedonicis,
639 1871 710 1918 velut
722 1873 747 1920 in
757 1871 796 1919 le-

27 1953 70 2000 ges
83 1951 189 1992 corium,
213 1950 275 2000 qnos
295 1933 397 1993 vicerat,
417 1934 686 2000 transiret,=assumit.
719 1940 794 2005 Qulc

27 2021 58 2053 ne
70 2000 228 2051 invidiosior
239 2003 267 2050 in
277 2015 304 2049 se
313 2017 367 2049 uno
376 2004 597 2066 conspicerentur,
617 2006 714 2052 amicos
724 2022 794 2070 quo.

27 2088 76 2135 qne
87 2085 152 2120 euos
167 2069 272 2134 longam
293 2079 391 2116 vestem
409 2079 524 2119 auratam
534 2083 743 2136 purpureamque
752 2088 795 2122 su·

27 2153 98 2187 merc
110 2135 191 2186 iubet.
225 2136 262 2186 Vt
271 2135 362 2184 luxum
372 2150 426 2198 quo
463 2149 491 2192 e,
511 2135 586 2182 sicuti
598 2135 712 2200 cultum,
731 2139 796 2189 Per.

28 2219 115 2253 sarum
134 2205 290 2260 imitaretur,
316 2204 385 2250 inter
402 2201 446 2266 pel
459 2202 530 2250 'cum
550 2203 683 2266 regiarum
702 2221 794 2271 greges

30 2273 126 2320 electae
147 2267 347 2336 pulchritudiuis
373 2267 565 2332 nobilitatisque
591 2271 707 2318 noctium
726 2275 793 2322 vices

31 2335 131 2387 dividit.
163 2336 211 2385 His
220 2335 299 2385 rebus
319 2337 436 2401 ingentes
452 2333 590 2400 epularum
599 2347 733 2402 apparatus
743 2339 794 2388 ad-

29 2404 88 2465 iicit,
114 2421 150 2453 nc
161 2405 248 2452 ieiuna
268 2413 294 2452 et
312 2400 439 2477 deptrncta
448 2404 550 2452 luxuria
571 2401 710 2468 videretur,
730 2419 794 2456 con.

26 2471 182 2536 viriumque
196 2472 266 2521 iuxta
285 2467 383 2535 regiam
401 2470 617 2535 magnificentiam
630 2469 700 2522 ludis
712 2489 791 2524 exor-

23 2550 86 2603 nat3
107 2539 250 2598 immemor
258 2552 375 2604 prorsus,
396 2547 477 2588 tantae
487 2551 555 2604 opes*
566 2537 652 2604 ,amitti
661 2538 701 2590 his
712 2543 792 2592 mori·

23 2601 83 2669 ius,
104 2622 160 2656 non
171 2607 258 2671 quaeri
267 2606 358 2655 solere,
747 2638 750 2643 -

12 2688 15 2693 ’
97 2669 172 2721 Car.
188 2673 237 2724 lv.
256 2672 327 2720 Inter
346 2671 409 2720 hacc
428 2670 574 2738 indignatio
593 2677 712 2726 omnium
732 2678 789 2726 totis

23 2738 118 2790 tueris
127 2749 195 2802 erat,
217 2757 233 2790 a
242 2735 363 2805 Philippo
372 2737 448 2789 illu'rn
457 2751 528 2806 patre
538 2751 640 2790 tanum
650 2741 791 2807 degenera-
