2075 3000
154 121 169 206 Π·
213 181 251 238 20
283 197 286 200 -
500 169 691 226 IVS‘HM

214 273 367 344 recognita,
381 272 435 328 dux
444 271 644 325 Atheniensium
658 271 802 324 Pisistratus
810 269 974 324 iuventutern

214 345 242 394 iu
252 342 352 394 insidiis
361 344 434 406 locat,
450 344 524 392 iussis
534 343 657 391 matronis
666 341 740 390 solito
750 341 861 389 elamore
871 357 901 389 ac
910 353 976 392 stre·

212 412 276 474 pitu,
298 413 375 461 etiam
385 413 412 459 in
429 425 529 460 accessu
538 409 660 470 bostium,
680 426 713 459 ne
723 408 864 458 intellectos
874 425 975 458 men·

213 479 298 538 tiant,
312 493 382 528 sacra
401 477 543 528 eelebrire:
562 493 728 591 egressospue
746 475 855 546 navibus
875 479 973 540 Magn·

213 559 300 594 reuses
320 543 481 610 inopinantes
506 560 654 610 aggressus,
693 545 833 593 eleriteae
857 545 976 609 protinus
1024 556 1026 605 ξ

213 610 290 660 classe
300 613 399 678 captiva
409 613 560 662 intermixtis
570 610 738 670 mulieribus,
755 621 785 658 ut
803 613 913 676 speciem
929 626 978 658 ea-
1024 634 1026 639 ·

233 688 317 727 tarum
335 690 511 728 matronarum
530 680 689 744 praeberent,
710 678 815 741 Megara
831 675 977 725 contendit.

213 693 257 793 lui
269 761 330 794 eum
341 754 365 795 et
380 747 487 794 navium
505 745 628 805 sormam,
646 757 672 794 et
681 745 788 811 petitam
797 743 922 809 praedam
933 760 978 792 eo·

213 822 374 875 gustassent,
393 810 461 862 obvii
471 811 504 860 atl
514 823 619 879 portum
629 810 785 878 procedunt:
804 810 898 874 quibus
918 826 979 860 cae·

213 878 255 939 sis,
275 877 419 928 Pisistratus
434 881 542 944 paulum
560 896 574 927 a
594 875 718 945 capienda
737 876 801 926 urbe
816 878 907 927 abluit.
937 876 978 928 Ita

214 943 380 1009 Megarenses
399 947 451 995 suis
467 945 533 996 dolis
548 945 616 995 boati
631 945 763 996 victoriam
779 941 883 994 dedere.
922 941 978 995 Sed

120 1062 123 1071 ,
153 1011 156 1016 ’
213 1007 365 1074 Pisistratus,
386 1013 458 1077 quati
478 1013 535 1074 sibi,
555 1030 609 1062 non
630 1014 734 1078 patriae,
754 1011 861 1071 vicisset,
881 1021 978 1076 tyran-

214 1076 303 1142 nidem
313 1095 359 1144 per
369 1078 460 1128 dolum
470 1091 587 1146 occupat:
608 1081 705 1145 quippe
720 1077 870 1140 voluntariis
885 1077 980 1128 verbe-

213 1145 284 1192 ribus
300 1143 371 1194 domi
391 1147 506 1208 allectus,
527 1149 638 1196 lacerato
654 1162 773 1210 corpore,
794 1148 820 1193 iu
839 1143 978 1210 publicum

212 1209 389 1276 progreditur:
400 1212 521 1262 advocata
526 1214 656 1275 concione,
666 1214 774 1261 vulnera
784 1213 881 1277 populo
886 1223 979 1260 osteu⁴

174 1283 180 1288 ’
214 1275 270 1325 ᾱίῑ;’
286 1275 318 1326 de
327 1278 474 1330 crudelitate
485 1282 643 1346 principum,
663 1277 782 1343 aquibus
802 1277 865 1327 haer
874 1294 902 1326 se
912 1293 980 1343 pas-

213 1361 273 1394 tum
291 1345 442 1407 simulabat,
463 1349 591 1410 queritur:
619 1345 751 1395 adduntur
770 1345 875 1394 uocibus
895 1345 978 1394 lacti..

211 1427 278 1473 mae,
300 1424 326 1464 et
336 1413 460 1462 invidiosa
480 1416 594 1464 oratione
613 1411 752 1462 multitudo
763 1410 868 1459 credula
877 1429 978 1461 aceen-

213 1475 296 1528 ditur:
319 1495 405 1529 amore
416 1473 499 1545 plebis
510 1483 623 1532 invisum
632 1498 659 1530 se
668 1481 767 1529 senatui
778 1477 898 1529 affirmat:
923 1479 978 1529 ob-

213 1546 278 1593 tinet
288 1545 321 1593 atl
332 1548 472 1596 custodiam
487 1550 598 1613 corporis
617 1550 657 1596 sni
676 1547 817 1599 satellitum
826 1548 977 1598 auxilinm:

212 1627 258 1676 per
268 1628 332 1675 qrtos
343 1624 464 1677 occupata
475 1614 611 1677 tyrannide
617 1627 748 1680 perannos
758 1630 838 1663 xxxin
846 1616 978 1677 regnavit.

281 1672 345 1727 Car.
357 1678 403 1727 lx.
419 1678 479 1727 Post
494 1681 548 1741 eins
566 1692 677 1731 mortem
686 1682 799 1739 Diocles,
819 1682 884 1729 alter
899 1698 933 1729 ex
942 1683 979 1730 ti-

211 1743 261 1800 liis,
301 1762 327 1793 er
338 1748 393 1794 vim
407 1757 521 1809 stuprata
536 1748 643 1814 virgine,
662 1766 677 1797 a
687 1747 763 1796 srutre
774 1748 875 1813 puellae
891 1746 978 1797 inter·

212 1762 305 1859 ficitul.
326 1808 408 1874 Alter,
428 1812 535 1882 Hippias
550 1817 678 1877 nomine,
689 1831 750 1879 prun
761 1816 903 1880 imperium
924 1834 977 1881 pa-

212 1888 319 1927 ternum
337 1888 448 1941 teneret,
473 1881 664 1931 interfectorem
683 1882 768 1931 fratris
786 1880 977 1947 comprehendi

212 1942 298 1993 iubet:
318 1948 364 2009 qui
374 1962 435 1996 cum
445 1964 490 2011 per
506 1959 634 2000 tormenta
653 1945 765 1999 conscios
780 1947 864 1997 caedis
879 1950 975 1997 nomi-

213 2026 275 2059 nare
294 2025 440 2077 cogeretur,
466 2032 557 2064 omnes
576 2016 672 2065 amieos
694 2015 797 2082 tyranni
818 2016 977 2065 nominavit.

212 2075 315 2141 Quibus
325 2081 469 2142 interiectis,
490 2084 622 2147 quaerenti
632 2095 749 2149 tyranno,
768 2098 806 2132 att
814 2081 902 2131 adhuc
912 2081 977 2133 als-

211 2143 259 2219 qut'
268 2147 369 2196 conscii
382 2156 487 2199 essent:
507 2152 644 2211 neminem,
663 2152 705 2211 sit,
725 2165 875 2215 superesse,
893 2166 978 2217 quem

211 2212 330 2277 annilius
340 2216 409 2264 mori
416 2216 530 2285 gestiat,
550 2234 631 2285 quam
647 2216 734 2281 speum
743 2225 897 2280 wraunum.
920 2234 976 2281 qna
1024 2211 1026 2218 ’

211 2294 276 2327 rote
294 2279 413 2329 eiusdem
431 2298 457 2330 se
475 2284 579 2348 tyrsum
599 2285 730 2345 victorem,
749 2295 808 2347 post
828 2281 975 2334 vindictam

131 2354 158 2385 κ
210 2342 350 2409 pudicitiae
360 2349 462 2405 sororis,
482 2350 602 2398 ostendit.
621 2350 716 2399 -lluius
735 2351 831 2399 virtute
850 2367 910 2399 cnm
921 2348 977 2400 ad·

209 2412 310 2461 monita
321 2414 407 2465 civitas
427 2414 550 2463 libertatis
561 2428 633 2475 esset,
654 2415 759 2465 tandem
771 2415 878 2484 Hippias
887 2434 976 2483 reguo

207 2479 307 2543 pulsus,
329 2481 356 2529 iu
367 2482 486 2529 exsilium
503 2484 599 2547 agitur:
619 2484 664 2547 qui
678 2483 807 2549 profectus
827 2487 854 2533 in
872 2483 975 2543 Persas,

209 2542 301 2593 dulcem
312 2563 339 2594 se
350 2547 438 2609 Dario,
461 2548 581 2597 inserenti
590 2546 791 2601 Atheniensibus
800 2552 908 2610 bellum,
928 2552 974 2599 si-

169 2610 172 2616 '
209 2614 261 2663 enti
283 2613 359 2681 sarpta
377 2613 548 2681 significatur
567 2626 614 2681 est,
632 2613 754 2671 adversm
772 2620 883 2687 patriam
893 2632 978 2671 susm
